2858 5036
189 259 255 328 tto
495 246 1037 322 concutiturtdnunsms

190 435 244 494 ast
263 431 433 508 mquam
453 423 496 490 ad
515 425 575 490 viri
592 423 728 508 perlecti
749 431 888 490 aetatem
905 421 1016 486 veniat
1030 419 1080 500 ¹),
1101 419 1204 482 nulus
1224 424 1369 506 metro-

188 511 395 598 politanorum
415 512 556 576 ordinare
578 518 775 593 praesumat,
796 529 839 572 ne
858 529 915 590 per
937 515 1096 585 aetatem,
1118 503 1204 588 quod
1224 504 1370 586 elique-

191 599 256 664 uer
275 597 399 679 evcnit,
427 598 531 678 aliquo
553 615 656 662 errore
676 594 899 676 culpentu12).

220 715 340 780 XVIII.
382 713 435 780 Dc
453 713 549 782 Inicit
568 715 682 798 quidus
703 713 896 798 temporibus
917 712 1147 778 communicare
1168 709 1335 780 debonat.

278 816 468 881 Saeculares
482 815 516 896 ⁸)
551 818 605 900 qui
630 813 735 879 natale
762 809 892 898 domini,
923 813 1044 896 pascha
1073 821 1109 874 et
1139 819 1369 893 pentecosten

190 917 257 966 non
279 899 585 994 communicaverlnt,
606 897 755 966 catholici
776 919 837 962 non
860 897 1025 962 credantur
1049 915 1110 962 nec
1130 893 1215 960 inter
1237 896 1368 960 catho-

194 985 273 1053 licos
293 989 476 1081 halcantur.

326 1105 416 1170 XIX.
459 1099 511 1170 De
531 1101 827 1168 muctimoniclr'iur
849 1101 911 1187 pua
932 1107 1043 1166 acute
1062 1095 1219 1163 celentur.

283 1203 566 1290 sanctimoniales,
602 1203 772 1290 quamlrlret
804 1203 873 1268 vita
901 1222 1007 1267 aarum
1037 1211 1070 1266 et
1095 1219 1199 1265 mores
1232 1183 1368 1282 probati

196 1287 280 1374 sint,
302 1302 377 1359 ante
399 1311 513 1358 annum
535 1293 652 1370 aetatis
673 1307 752 1352 suaa
773 1290 1047 1372 quadragesimum
1068 1307 1130 1350 con
1150 1287 1317 1350 velentur.

417 1407 491 1473 XX.
533 1409 585 1473 De
606 1407 731 1472 clericis
752 1410 808 1492 qui
830 1426 951 1469 comam
971 1409 1130 1473 metunt.

280 1505 401 1575 meridi
418 1511 471 1594 qui
492 1529 613 1576 comam
634 1509 773 1574 nutriunt
787 1509 826 1573 alr
842 1507 1059 1572 archidiacono
1075 1509 1170 1571 etiam
1191 1503 1223 1570 si
1244 1505 1365 1572 uolua⁸

199 1593 262 1658 n'nt
281 1593 371 1657 inviti
398 1595 644 1660 detondeanturz
676 1594 866 1658 vestimenta
889 1595 942 1655 vel
964 1595 1179 1658 calceamenta
1199 1593 1304 1654 etiam
1327 1591 1366 1651 iis

199 1675 262 1744 uisi
283 1698 364 1764 quae
385 1681 568 1766 religionem
589 1679 726 1745 deceant
739 1679 774 1760 ⁴)
803 1678 849 1742 uti
869 1679 922 1742 vel
943 1679 1060 1744 habere
1081 1698 1142 1742 non
1162 1679 1270 1742 IIceat.

214 1799 303 1866 XXI
328 1795 371 1865 Ut
392 1799 610 1872 solemnitates
630 1801 766 1944 mujopea
786 1800 823 1865 in
845 1799 1033 1862 civitatibus
1055 1804 1113 1860 cut
1128 1795 1303 1880 parochiis
1315 1792 1350 1875 ⁵)

539 1937 542 1946 .
679 1905 714 1946 ce
727 1885 884 1948 cierentur.

264 1963 327 2034 Si
355 1971 425 2054 quis
454 1968 548 2034 etiam
576 1977 665 2034 extra
692 1968 879 2052 parochias,
910 1967 942 2030 in
973 1964 1085 2052 qulbus
1116 1965 1278 2048 legitimus
1310 1970 1363 2025 est

203 2053 439 2138 ordinariusque
468 2065 662 2138 conventus,
693 2055 858 2118 oratorium
889 2053 921 2117 in
954 2073 1031 2138 agro
1063 2053 1179 2114 habere
1211 2047 1362 2128 voluerit,

203 2141 331 2220 reliquis
352 2141 577 2204 festivitatibus
604 2151 640 2204 ut
668 2141 710 2205 ibi
729 2141 845 2203 missas
867 2145 974 2200 terreat
988 2139 1023 2219 ο)
1043 2145 1168 2220 propter
1192 2131 1361 2220 fatigatio·

203 2239 276 2284 nern
296 2218 431 2287 familiae
449 2223 537 2302 justa
559 2224 750 2287 ordinatione
771 2224 996 2304 permittimus:
1029 2223 1149 2304 pascha
1174 2238 1270 2302 vero,
1299 2239 1361 2282 na-

204 2305 269 2368 tale
291 2305 415 2388 domini,
437 2305 602 2388 epiphania
615 2307 668 2388 ⁷),
688 2307 914 2370 ascensionem
937 2309 1069 2389 domini,
1090 2314 1303 2390 pentecosten
1327 2310 1360 2366 et

203 2389 390 2469 natitent)
423 2393 526 2454 sancti
551 2393 685 2455 Ioannis
716 2394 873 2473 baptistae
901 2394 955 2455 vel
983 2391 1012 2456 si
1039 2393 1091 2474 qui
1117 2389 1258 2457 'maximi
1288 2390 1359 2452 dies

203 2473 237 2538 iu
259 2472 483 2556 festivitatibus
504 2473 666 2559 habentur,
688 2476 810 2542 nonnisi
826 2477 857 2539 in
877 2478 1057 2541 civitatibus
1079 2486 1134 2540 aut
1151 2475 1183 2539 in
1200 2475 1359 2558 parochiis

204 2569 345 2626 teneant.
396 2563 510 2626 Clerici
539 2583 615 2625 vero
644 2563 673 2630 si
702 2564 754 2646 qui
783 2561 815 2625 in
832 2561 866 2641 ⁹)
897 2562 1123 2626 festivitatibus
1151 2579 1232 2644 quas
1265 2577 1361 2644 supra

205 2646 362 2728 diximus,
391 2649 424 2712 ic
445 2649 588 2716 oratorIia
601 2645 656 2728 ¹⁰)
676 2650 736 2711 ulsi
759 2647 889 2730 jubente
910 2657 966 2712 aut
986 2650 1186 2729 permittente
1209 2647 1362 2730 episcopo

205 2733 323 2796 missas
343 2734 450 2795 lacere
469 2743 525 2794 aut
544 2742 654 2794 tenere
673 2735 844 2812 voluerint,
872 2752 892 2795 a
912 2733 1127 2796 communione
1149 2733 1317 2814 pellantur.

221 2846 323 2914 XXII.
354 2845 397 2911 Ut
418 2866 481 2911 nan
503 2847 601 2910 liceat
616 2847 800 2930 presbytero
822 2849 948 2929 auin)
970 2850 1172 2914 clericorem
1194 2848 1352 2917 ecclcsiae

568 2935 702 3000 vendere
722 2941 780 2998 act
794 2931 848 3013 ¹¹)
871 2937 999 3000 donare.

293 3007 337 3078 tu
362 3017 439 3079 licet
464 3019 654 3100 superfluum
681 3019 724 3084 sit
751 3017 791 3081 de
819 3033 853 3082 rc
879 3030 956 3086 nota
976 3028 1011 3082 et
1032 3019 1169 3102 antiquis
1189 3019 1366 3087 canonibus

208 3100 364 3184 prohibita
384 3103 496 3186 iterato
517 3104 632 3184 ailquid
654 3103 791 3186 delinire,
818 3113 958 3168 attamen
980 3123 1042 3192 quo
1063 3105 1185 3168 facilius
1206 3105 1366 3186 cupiditas

211 3191 266 3250 aut
286 3184 468 3264 improbitas
487 3190 670 3267 reprimatur
689 3188 720 3249 id
741 3191 910 3252 statuimus
931 3191 1014 3273 quod
1033 3205 1142 3255 omnes
1156 3187 1300 3254 canones
1314 3187 1366 3266 ¹²)

207 3267 337 3355 jubent,
363 3277 398 3330 ut
427 3271 634 3332 civitatenses
661 3271 732 3333 slve
762 3271 942 3338 dioecesani
969 3276 1145 3360 presbyteri
1173 3275 1228 3336 vel
1258 3269 1367 3336 clerici

210 3355 301 3418 salvo
324 3352 394 3438 jure
416 3356 575 3422 ecclesiae
598 3373 663 3422 rem
685 3355 856 3439 ecclesiae,
886 3360 968 3421 sicut
995 3357 1190 3440 permiserint
1211 3360 1367 3439 episcopi,

211 3449 359 3522 teneant3
388 3441 525 3504 vendere
553 3449 755 3506 autemaut-
770 3441 885 3504 donare
910 3444 1037 3524 penitus
1064 3463 1125 3507 nan
1152 3453 1366 3524 praesumant.

140 3541 146 3545 ·
211 3523 305 3607 Quod
325 3526 353 3590 si
373 3523 581 3608 lacertum),
604 3537 637 3590 et
657 3527 743 3592 facta
762 3527 902 3592 venditio
923 3548 985 3590 non
1005 3530 1123 3591 valebit
1144 3537 1179 3590 et
1199 3529 1240 3591 de
1262 3529 1367 3590 facul-

211 3611 350 3691 tatibus,
370 3612 398 3673 si
419 3630 499 3694 quas
518 3612 637 3674 habent
657 3613 813 3694 proprias,
842 3613 1018 3678 indemnem
1044 3613 1213 3686 eccleciam
1234 3613 1367 3680 reddant

211 3704 247 3762 et
267 3697 482 3760 communione
503 3694 671 3778 priventur.

274 3813 390 3877 XXIII.
436 3813 479 3876 Ut
500 3813 632 3876 clericas
653 3815 756 3880 mittor
769 3811 823 3893 ¹⁴)
850 3818 971 3882 seniori
990 3811 1054 3884 n'oa
1070 3823 1301 3899 praeparantur.

265 3893 271 3908 '
290 3897 469 3980 Episcopus
481 3903 491 3938 ¹
501 3897 535 3978 ³)
551 3899 644 3959 etiam
659 3915 786 3980 quorum
801 3903 868 3963 vita
882 3921 942 3964 non
958 3899 1192 3983 reprehenditur
1206 3902 1365 3982 posterio-

213 3996 280 4046 rem
300 3981 392 4066 priori
410 3983 526 4050 nullum
546 3991 732 4070 praeponat,
753 3983 814 4051 nisi
833 3985 969 4053 fortasse
990 3987 1093 4054 elatus
1114 3987 1261 4072 superbia
1283 3985 1365 4072 quod

214 4123 413 4140 m

257 4199 286 4268 1)
304 4209 449 4263 perveniant
467 4203 497 4260 0.
515 4207 549 4260 H.
584 4231 621 4250 ..-
662 4201 692 4270 ²)
710 4201 877 4258 Burchariloa
894 4205 988 4260 habeti
1013 4215 1179 4261 detineantur.
1206 4203 1303 4258 Manal.
1331 4228 1383 4246 -υ

256 4271 490 4409 ⁸drd⁶d⁰1⁸ddp⁰'
507 4276 542 4327 H.
566 4274 900 4411 asrendaitdocmddaduc'
949 4307 999 4414 ἶ)
1017 4275 1366 4406 eddadddddrdudddadem

257 4408 488 4474 ⁸)notataC.H.
535 4438 572 4458 -η
628 4411 657 4477 ⁹)
675 4419 702 4462 tn
718 4417 757 4461 tta
781 4409 811 4464 0.
829 4413 863 4464 H.
907 4439 943 4456 -
991 4414 1041 4480 to)
1066 4421 1104 4465 lta
1128 4413 1189 4467 add.
1212 4362 1305 4468 dli?
1331 4439 1365 4451 -
1421 4461 1422 4468 ,

237 4477 287 4543 ¹¹)
304 4485 345 4530 vel
363 4479 393 4530 G.
411 4479 445 4532 H.
491 4505 527 4522 -ι
576 4477 992 4543 incommunicati.
1036 4483 1071 4520 ·-'
1125 4483 1173 4548 1³)
1191 4490 1235 4534 out
1252 4487 1364 4542 fecerunt

285 4546 345 4598 add.
365 4548 429 4598 Luc.
463 4572 498 4588 -
538 4545 690 4610 ΝΗαηιον
708 4547 738 4598 G.
757 4547 791 4598 H.
826 4577 861 4586 -
900 4551 950 4617 1³)
964 4555 1129 4616 'caricarum
1148 4566 1179 4602 ac
1196 4556 1292 4624 postea
1307 4557 1362 4608 nal·

284 4620 324 4666 ius
341 4631 390 4687 pro
407 4623 513 4678 autaut,
537 4613 604 4684 lieg·
622 4615 647 4670 a
665 4621 692 4672 et
710 4614 814 4698 Cotton.
849 4643 884 4698 -7
