2864 5042
205 261 272 328 aso
435 235 643 330 cauouu's
664 258 826 330 ermom
847 259 1127 331 aomanorum

208 430 306 500 nata
324 441 402 497 tunc
423 430 519 500 babet
539 427 760 517 testimonium,
775 436 899 520 quoties
915 435 954 501 ad
970 436 1055 522 digni
1070 435 1204 518 aiicujus
1217 435 1382 499 meritum

207 517 439 604 reprebendens
456 519 488 601 ¹)
510 539 615 586 auram
636 522 752 589 favans
772 523 902 606 impetit.
1058 543 1061 551 ·
1122 519 1143 538 “’

367 641 423 702 xl.
465 640 517 703 Da
537 662 573 704 eo
596 645 651 725 qui
672 631 821 704 avunculi
841 643 893 703 rui
913 660 1040 704 umorem
1061 641 1200 706 decrerit.

293 741 345 806 De
366 741 524 826 00²)cui
545 743 691 809 avuncuii
711 744 760 805 aui
781 761 909 804 uxorem
931 741 1060 804 duxerit.
1086 745 1251 806 Avuncuii
1275 743 1379 806 filium

210 825 327 894 ducere
349 827 410 890 nou
431 827 525 910 licet,¹
551 827 694 911 quoniam
716 825 825 890 similis
847 844 944 890 causa
965 829 1144 912 generando
1165 849 1224 910 per
1248 831 1381 914 gradus

233 911 309 976 atris
336 916 477 976 extranei
506 924 668 996 reparatur
693 921 788 996 atque
810 906 986 996 purgatur,
1014 924 1097 976 retro
1124 923 1236 977 autem
1269 916 1380 980 redire

210 929 261 1062 is
288 1018 349 1062 non
375 1007 444 1082 est3
476 1017 548 1063 nam
576 1000 629 1092 qui
656 1008 754 1062 torum
779 999 879 1080 patris
905 997 958 1059 vei
987 1001 1094 1061 matris
1118 1001 1242 1064 violare
1271 1021 1376 1086 prae·

211 1085 389 1168 sumpserit,
408 1103 470 1146 non
491 1086 553 1148 boc
572 1083 750 1170 conjugium
773 1083 830 1145 aed
855 1083 1014 1146 fornicatio
1036 1086 1227 1148 nominatur:
1249 1087 1377 1170 quique

213 1175 318 1232 tamen
340 1179 447 1234 contra
469 1189 607 1234 canones
628 1169 820 1252 apostolicos
839 1169 944 1250 facere
965 1173 1172 1252 usurpaverit,
1193 1173 1376 1252 privandus

213 1264 264 1318 est
285 1253 462 1320 sacerdotio
483 1255 511 1318 si
531 1257 674 1339 pertinax
701 1252 809 1336 fuerit,
843 1255 892 1316 siu
919 1273 994 1316 uero
1022 1275 1059 1316 se
1090 1259 1283 1338 correxerit,
1315 1261 1377 1320 ab·

213 1339 334 1404 uisatur
354 1341 436 1424 quod
457 1349 690 1422 praesumptum
712 1349 779 1424 est,
801 1346 841 1408 ¹ut
860 1341 962 1422 possit
983 1339 1205 1404 reconciliatus
1227 1353 1374 1406 nostrum

211 1423 327 1490 habere
347 1427 546 1510 consortium.

224 1586 228 1595 -
275 1565 292 1583 ··
311 1608 314 1616 ,
336 1545 420 1608 itu·
442 1543 533 1621 Quod
553 1547 693 1628 minema·
714 1565 759 1626 ep¹
774 1531 1010 1626 britanorum}
1030 1565 1093 1615 uma
1113 1545 1241 1612 debent.

296 1643 347 1708 Da
382 1645 626 1710 ordinationibus
656 1646 793 1710 maxima
824 1646 1052 1712 obstruendum
1083 1657 1134 1712 est
1172 1660 1211 1712 ut
1243 1669 1375 1732 semper

213 1729 320 1794 cierici
349 1729 427 1794 bant
459 1731 619 1813 episcopi3
655 1733 703 1796 sic
729 1733 815 1796 anim
835 1732 990 1812 scriptum
1017 1741 1086 1796 est:
1121 1734 1169 1800 Et
1194 1735 1233 1797 ta·
1260 1739 1373 1818 primo

209 1815 397 1896 moenam,
425 1823 458 1880 et
483 1819 540 1880 ric·
558 1818 800 1896 ministrarem.
852 1815 914 1892 mu
941 1837 1002 1880 ucu
1029 1821 1195 1899 probantur
1225 1831 1371 1903 tempore

214 1901 417 1981 praecedenti
447 1904 478 1965 in
498 1905 607 1966 minori
627 1904 731 1968 officio
751 1902 964 1982 ministrasse,
991 1904 1144 1984 quomodo
1166 1912 1372 1988 praeponitur

213 1983 326 2051 cieret
361 2007 423 2050 non
454 1997 505 2052 cat
532 1988 690 2070 auditum,
727 1987 859 2054 necdum
886 1987 1015 2054 tironem
1044 1991 1174 2055 miiitum
1205 1994 1369 2074 imperium

214 2072 409 2154 aameepissc.
450 2075 482 2136 i's
503 2093 581 2156 ergo
602 2075 698 2136 debat
716 2074 783 2138 ueri
803 2091 896 2156 quem
917 2082 1024 2153 aetas,
1051 2083 1193 2156 tempus,
1220 2079 1368 2140 meritum

214 2158 414 2223 commendat
433 2167 467 2222 et
481 2156 573 2241 'vitat
602 2169 667 2223 aut·
683 2169 779 2241 quare
795 2160 969 2239 'apostulus
992 2161 1191 2244 neophytum
1212 2165 1367 2244 prohibet,

213 2250 248 2330 et
270 2244 332 2309 cito
353 2261 466 2308 manus
487 2245 579 2306 alicui
599 2243 714 2325 imponi
735 2263 796 2308 non
817 2239 995 2326 permittit?

313 2360 411 2448 lxm.
442 2359 494 2424 Da
514 2380 551 2423 eo
573 2363 628 2444 pur·
649 2362 698 2424 ab.
711 2361 847 2424 coclerio
868 2363 913 2424 ad
932 2362 1096 2426 ecclesiam
1117 2369 1251 2430 transit.

296 2463 347 2528 De
366 2464 417 2528 hia
437 2466 490 2548 qui
510 2465 549 2528 ab
571 2463 709 2528 ecclesia
729 2463 770 2528 ad
790 2464 960 2528 ecclesiam
980 2463 1178 2549 transierumt,
1196 2466 1276 2550 jussi
1286 2476 1359 2530 sunt
1409 2469 1410 2502 ³

215 2548 323 2612 baberi
349 2551 442 2632 qnasi
467 2552 578 2615 relicta
603 2569 701 2615 uxore
729 2551 769 2614 ad
794 2551 929 2614 alienam
957 2551 1169 2632 accesserint,
1200 2553 1285 2636 qunti
1302 2555 1363 2614 im-

215 2637 357 2716 punitum
377 2655 452 2700 asae
473 2640 536 2700 non
556 2639 666 2718 possit.
708 2637 817 2698 'Palem
838 2637 1021 2718 episcopum
1042 2635 1218 2700 invasorem
1239 2639 1368 2720 pudoris

215 2721 308 2784 aliani
328 2723 515 2804 episcopatu
533 2719 648 2803 privari
663 2720 834 2803 jusserant.

257 2840 345 2903 x1v.
381 2841 473 2920 Quod
491 2841 610 2924 absecta'
631 2841 671 2904 ab
693 2845 838 2926 episcopo
858 2861 914 2904 suo
936 2841 1045 2904 clerici
1066 2840 1106 2903 ab
1129 2841 1203 2904 aliis
1224 2847 1336 2926 recipi

395 2943 399 2952 ’
541 2928 592 2992 val
608 2930 791 3012 promoven·
810 2926 1039 2989 cendebeum.
1159 2929 1194 2998 J

299 3013 349 3076 De
378 3014 503 3076 clericis
527 3013 638 3078 alienis
664 3034 684 3075 a
710 3013 830 3096 apmcdo
858 3009 1036 3093 frequenter
1063 3021 1114 3074 est
1138 3007 1369 3094 pertractatum

216 3104 313 3176 atque
334 3097 488 3160 firmatum
510 3107 543 3160 ct
563 3100 640 3161 ratic
657 3098 745 3178 justa
766 3098 969 3182 constringit,
998 3097 1129 3160 clericos
1158 3097 1307 3178 abjectos
1331 3099 1369 3160 de

98 3257 102 3268 ι
217 3181 356 3242 ecclesia
384 3183 423 3244 ab
450 3181 599 3262 episcopo
629 3201 687 3244 suo
715 3201 779 3245 nec
804 3185 917 3246 laicam
949 3185 1192 3245 communionem
1219 3184 1370 3266 accipere

216 3268 359 3350 possein
375 3266 475 3328 aliena
490 3267 645 3349 ecciesia3
666 3267 877 3329 confirmatum
892 3268 1151 3350 manifestumque
1166 3276 1223 3348 est,
1239 3271 1370 3348 quando

218 3353 311 3414 etiam
338 3353 489 3416 innocens
517 3352 585 3414 sinc
610 3352 709 3414 literis
736 3349 878 3432 episcopi
905 3349 956 3414 sui
981 3355 1034 3420 vel
1060 3353 1189 3414 formata
1208 3353 1240 3413 in
1260 3354 1370 3416 aliena

218 3439 355 3501 ecclesia
375 3458 439 3501 non
463 3447 570 3520 potest
596 3439 778 3502 ministrare.
820 3437 855 3500 Si
877 3439 947 3520 quis
969 3447 1074 3500 autem
1095 3439 1125 3500 in
1145 3436 1287 3518 injuriam
1312 3460 1371 3502 sa-

219 3523 357 3586 cerdotis
382 3524 444 3586 huc
470 3523 576 3586 facere
601 3524 864 3606 praesumpserit,
893 3533 926 3584 ct
955 3523 1191 3610 condemnatum
1219 3521 1369 3587 clericum

219 3610 381 3691 suscipere
403 3609 456 3669 vel
476 3628 658 3691 promovere
679 3609 826 3690 voluerit,
851 3609 934 3670 sciat
955 3613 992 3670 s‘e
1014 3607 1261 3688 communicasse
1284 3629 1369 3692 pcc-

219 3697 301 3758 catis
331 3695 458 3775 alienis,
489 3703 522 3778 ct
548 3695 715 3758 incurrisse
745 3694 932 3758 sententiam
957 3691 1190 3776 apostoli,xqui
1218 3694 1263 3754 ait
1293 3715 1368 3760 reos

218 3799 276 3842 eos
297 3801 359 3841 non
380 3781 481 3842 solum
506 3777 560 3860 qui
588 3779 705 3842 faciunt
732 3787 841 3842 contra
866 3780 989 3862 legem,
1015 3778 1188 3841 sedetiam
1211 3779 1263 3860 qui
1284 3799 1367 3843 con·
1409 3785 1410 3828 ἒ

218 3863 359 3928 sentiunt
387 3863 575 3928 facientibus
589 3863 634 3946 ⁴).
696 3863 787 3926 Unde
819 3862 1034 3950 dimittendum
1051 3874 1119 3926 est
1153 3864 1366 3936 conscientias
1409 3873 1410 3906 i

217 3947 302 4032 iliius
323 3947 436 4037 quide
457 3967 515 4011 suo
538 3947 652 4012 clerico
667 3947 837 4030 judicavit,
864 3951 970 4011 sciens
991 3949 1074 4031 quod
1095 3949 1142 4012 de‘
1157 3948 1273 4032 judicio
1296 3952 1367 4032 ejus

221 4035 301 4099 deus
330 4036 374 4097 sit
397 4033 594 4115 judicaturus
623 4031 654 4096 in
683 4043 851 4114 postemm.
893 4034 977 4096 Audi
1005 4033 1160 4098 dominum
1187 4033 1366 4100 dicentem:
1409 4053 1410 4096 ὲ

224 4123 312 4202 Quoue
328 4115 421 4183 'euim'
439 4120 536 4182 vultis
557 4128 594 4183 ut
614 4121 749 4200 saciant
768 4119 855 4181 cobis
877 4121 1032 4197 burniaco,
1054 4119 1163 4182 eudem
1184 4125 1220 4184 ct
1239 4140 1295 4182 cor
1308 4127 1365 4203 sa·
1409 4111 1410 4184 i

170 4223 178 4229 ·
222 4211 286 4270 cita
306 4207 372 4269 iliis
384 4205 426 4284 ⁵).
462 4203 544 4282 Quid
565 4209 597 4268 in
617 4204 756 4285 injuriam
776 4206 880 4267 fratris
900 4213 935 4266 et
955 4203 1365 4272 cunsacerdotisarmarisi
1409 4191 1410 4282 i

221 4292 302 4355 Cum
330 4294 412 4355 enim
439 4310 512 4353 reus
538 4309 598 4353 non
625 4291 726 4353 solum
747 4291 916 4372 suscipitur
935 4290 1069 4354 clericus
1090 4289 1236 4371 abjectus
1248 4291 1282 4372 ⁸)
1308 4294 1364 4366 sed
1409 4289 1410 4384 i

221 4431 417 4450 *d
470 4405 475 4426 Ι
683 4435 686 4442 ’
693 4427 701 4446 ¹
880 4429 882 4436 ’
964 4408 967 4418 Ι
1409 4393 1410 4444 i

263 4485 292 4577 i)
309 4513 405 4566 Forte:
423 4524 552 4578 repellens.
586 4540 622 4578 ··.
665 4513 948 4580 ²)1temdeeocod,
968 4509 1000 4576 ii.
1035 4477 1362 4580 -'³)1Tim.³,10.

262 4581 494 4701 ⁴>stipatu-1:32.
538 4611 573 4622 -
611 4582 655 4648 ,5)
672 4581 764 4634 Mattir.
783 4583 813 4646 7,
832 4585 874 4634 12.
922 4611 956 4620 -—
1009 4581 1099 4656 ⁶),1ta
1126 4583 1182 4655 Coti
1201 4585 1238 4650 tt;
1272 4593 1364 4639 nitatur
1409 4605 1410 4626 ³
