2858 5036
194 232 261 305 rra
500 165 750 308 morasus
763 227 1044 309 amaturae

195 419 288 486 qoem
309 397 485 480 recurrw)
503 399 657 482 solatiam·
672 399 746 481 οῖ’)
765 400 959 469 detonsionis
979 399 1172 484 impenderit,
1194 419 1267 468 cum
1290 421 1366 468 co-

111 575 116 583 ·
195 487 268 555 deu
288 486 330 560 de
350 477 508 550 ecclesiae
530 486 745 550 commuuione
767 487 908 568 pellatur.

207 606 263 668 lx.
284 605 337 667 De
352 603 547 686 presbyteria
568 612 602 668 ct
622 605 809 667 diococr'bua
830 607 886 687 qui
907 604 952 668 ud
971 605 1166 688 conjugalem
1188 605 1352 684 rorum)

281 791 407 854 Placuit
433 743 548 869 stiunt,
576 798 613 850 ut
634 697 910 852 sirilii‘itoiiitswaut
930 787 1105 872 presbyteri
1124 787 1290 869 conjugati
1315 789 1361 851 ad

197 883 301 940 torum
320 892 449 936 uxorum
471 879 598 936 suarum
618 875 718 938 redire
737 874 911 954 voluerint,
942 893 1043 954 papae
1071 875 1245 936 innocentii
1265 873 1362 936 ordl-

196 961 284 1024 natio
312 967 346 1042 et
361 957 397 1036 ⁴)
424 955 528 1020 stricti
550 959 691 1040 episcopi
713 960 905 1039 auctoritas,
932 966 1087 1040 quaeest
1107 959 1157 1020 his
1176 955 1361 1021 canonibus

193 1045 312 1108 inserta
327 1041 379 1124 ⁶),
399 1050 613 1106 conservetur.

283 1231 286 1242 ’
400 1212 646 1295 EpistolNJ
675 1211 709 1276 S.
736 1212 969 1275 Innocentii
997 1212 1138 1294 Papae.

207 1352 216 1374 ‘
279 1347 495 1413 Dilectissimo
521 1350 607 1412 fratri
632 1347 791 1428 Exuperio
818 1349 1028 1411 Innocentius.
1069 1347 1256 1412 consulenti
1282 1351 1355 1432 tssri,

193 1435 290 1498 frater
312 1434 484 1500 carissime.
515 1435 562 1498 Et
577 1439 655 1516 post
677 1433 766 1496 alia:
792 1432 986 1514 Proposuisti
1007 1432 1080 1514 quid
1101 1434 1140 1496 de
1162 1435 1213 1497 his
1235 1435 1354 1498 obser-

195 1519 264 1582 vari
285 1517 419 1601 debeat,
444 1538 525 1602 quos
546 1520 577 1582 iu
598 1516 731 1582 diaconii
752 1519 921 1581 ministerio
950 1527 1004 1580 aut
1025 1519 1056 1578 in
1079 1517 1181 1581 officio
1208 1521 1354 1603 presby-

194 1603 265 1668 terii
293 1607 416 1686 positos
442 1605 672 1668 incontinentes
700 1622 775 1666 essa
803 1611 857 1664 aut
884 1603 983 1666 fuisse
1010 1605 1152 1686 generati
1187 1603 1241 1667 nni
1272 1626 1354 1685 pro-

196 1689 350 1772 diderunt.
390 1688 440 1751 oe
462 1689 565 1750 biset
590 1689 762 1784 divirprum
784 1689 891 1768 legum
911 1688 1078 1770 manifesta
1099 1699 1148 1752 est
1170 1688 1352 1772 disciplina,

196 1784 231 1839 et
259 1776 374 1840 mutae
405 1772 630 1837 recordationis
657 1773 846 1840 vrri,Siricii
875 1772 1015 1860 episcopi
1042 1772 1158 1836 monita
1185 1776 1353 1838 evidentia
1399 1823 1402 1832 .

196 1851 424 1942 commearunt,
457 1867 493 1920 ut
524 1859 755 1922 incontinentes
785 1859 817 1919 in
848 1857 961 1924 officiis
992 1859 1106 1920 talibus
1135 1857 1232 1940 positi
1264 1859 1351 1924 omni

195 1947 418 2008 eeclesiastico
445 1944 562 2006 honore
593 1945 809 2025 privarentur,
842 1962 904 2005 nec
929 1941 1163 2006 admitterentur
1188 1945 1351 2008 accedero

195 2031 238 2094 ad
260 2031 472 2110 ministerium,
494 2029 577 2110 quod
597 2029 666 2091 sola
685 2029 876 2090 continentia
896 2036 1020 2108 oportet
1039 2029 1166 2110 impleri.
1204 2029 1253 2091 Et
1271 2037 1349 2112 post

195 2114 286 2176 ulio:
316 2117 400 2177 Nam
421 2117 451 2176 si
471 2115 511 2176 ad
533 2116 653 2194 aliquos
674 2114 771 2174 forma
790 2113 844 2174 illa
863 2111 1102 2176 ecclesiastieae
1115 2114 1148 2194 ⁷)
1168 2116 1258 2176 vitae
1286 2133 1351 2196 pa-

193 2201 270 2262 rr'ter
291 2207 325 2260 et
345 2198 536 2278 disciplinae,
559 2217 640 2278 quae
656 2217 676 2260 a
690 2199 801 2260 Siricio
823 2199 973 2280 episcopo
995 2198 1034 2260 ad
1055 2201 1233 2279 provincias
1253 2219 1349 2264 com-

193 2283 335 2362 meavit,
366 2301 428 2344 non
453 2283 629 2362 probabitur
652 2283 857 2362 pervenisse,
889 2281 938 2344 bis
971 2283 1173 2365 ignorationis
1188 2283 1224 2363 ⁸)
1249 2287 1348 2347 venia

194 2365 387 2444 remittetur,¹
412 2369 457 2462 ita
477 2375 513 2428 ut
534 2367 575 2428 de
595 2374 702 2428 cetero
723 2366 848 2446 penitus
869 2367 1018 2448 incipiant
1039 2370 1213 2454 abstinere,
1244 2371 1348 2432 etita
1423 2391 1424 2474 p

194 2451 314 2536 gradus
341 2470 419 2515 suos
444 2469 476 2514 m
504 2451 617 2532 quibus
644 2451 764 2512 inventi
791 2451 904 2513 fuerint
930 2453 978 2514 sic
1000 2463 1165 2517 'retentent
1179 2453 1214 2534 ⁹)
1241 2464 1278 2518 ut
1305 2457 1348 2518 ad
1423 2481 1424 2486 ¹

196 2537 320 2620 potiora
339 2535 379 2600 iis
399 2557 460 2599 non
481 2537 577 2600 liceat
597 2537 786 2599 ascendere:
808 2538 920 2618 quibus
934 2538 965 2598 in
980 2537 1132 2601 beneficio
1148 2557 1223 2602 esse
1239 2539 1347 2622 debet,

195 2622 280 2706 quod
301 2623 385 2686 hunc
404 2625 507 2706 ipsum
528 2624 631 2686 locum
646 2641 738 2703 quem
756 2620 890 2684 retinent
910 2641 972 2683 nou
993 2625 1136 2686 amittunt
1149 2625 1211 2704 ιο).
1240 2627 1278 2688 Si
1293 2629 1348 2708 qui

195 2718 301 2774 autem
319 2711 423 2772 scisse
442 2709 571 2770 formam
590 2707 718 2768 vivendi
737 2708 865 2768 missam
880 2707 965 2786 11¹¹)
980 2708 1092 2770 Siricio
1113 2713 1264 2792 episcopo
1286 2712 1348 2774 de-

196 2803 348 2876 tegentur
363 2793 416 2867 ¹²)
449 2811 554 2872 neque
582 2788 689 2852 statim
718 2793 908 2871 cupiditates
936 2791 1069 2856 libidinis
1086 2795 1140 2873 ¹³)
1175 2795 1348 2876 abjecisse,
1421 2805 1422 2840 l

194 2876 239 2939 illi
265 2884 339 2958 sunt
365 2874 468 2940 modis
496 2876 639 2937 omnibus
668 2876 892 2958 submovendi,
922 2880 975 2957 qui
1002 2888 1076 2959 post
1103 2881 1347 2944 admonitionem

196 2963 357 3046 cognitam
378 2961 630 3042 praeponendam
651 2961 794 3044 arbitrati⁴
808 2971 884 3024 sunt
901 2963 1105 3043 voluptatem.
1198 2957 1206 2970 ⁹

237 3079 279 3140 X.
325 3077 368 3140 Ut
387 3078 492 3140 nullm
512 3080 695 3144 clericorum
717 3100 787 3143 cum
808 3083 969 3143 retroneis
991 3083 1145 3160 foeminis
1166 3083 1304 3147 habitet.
1420 3124 1421 3142 ι

279 3177 316 3240 ld
347 3179 443 3242 etium
470 3180 512 3242 ad
540 3179 777 3258 custodiendam
805 3183 902 3244 vitam
935 3191 968 3244 et
998 3183 1112 3252 famam
1129 3183 1182 3262 ¹⁴)
1212 3186 1348 3267 speciali

195 3260 387 3327 ordinatione
407 3266 632 3345 praecipimus,
653 3272 690 3324 ut
710 3265 813 3326 nullus
833 3266 1015 3330 clericorum
1034 3279 1204 3332 extraneae
1224 3273 1348 3334 mulieri

194 3349 334 3432 qualibet
366 3351 581 3412 consolatione
598 3346 653 3427 ¹⁵)
686 3356 741 3410 aut
773 3349 979 3414 familiaritate
1003 3352 1163 3436 jungatur.
1211 3357 1256 3419 llt
1281 3375 1347 3418 nou
1419 3349 1420 3356 '

194 3438 296 3500 solum
317 3435 348 3496 in
370 3435 526 3515 demost)
547 3436 629 3498 illius
649 3443 799 3496 extranea
819 3436 928 3498 mulier
947 3456 1008 3498 non
1030 3439 1179 3520 accedat,
1201 3441 1261 3504 sed
1282 3437 1346 3506 nec

195 3522 264 3604 ipse
291 3521 509 3604 frequentandi
538 3521 578 3583 ad
593 3519 650 3599 Μ)
677 3529 858 3584 extraneam
884 3522 1042 3585 mulierem
1061 3525 1177 3588 habeat
1194 3521 1347 3608 potesta·
1418 3614 1419 3624 ἵ

236 3744 265 3810 ¹)
281 3753 305 3796 tr
322 3751 355 3814 cp
371 3759 441 3804 quem
456 3751 566 3798 recorrtt
582 3744 657 3798 deest
673 3744 700 3798 in
719 3743 786 3808 Reg.
804 3742 841 3808 A,
857 3744 894 3808 Β,
914 3744 1009 3809 Corn,
1029 3745 1081 3798 les.
1100 3745 1138 3811 Α,
1164 3747 1270 3802 Cotton.
1307 3778 1344 3790 —-
1373 3765 1381 3778 ·

233 3821 305 3865 ret
329 3814 403 3865 deest
418 3814 447 3864 in
465 3814 495 3864 C.
513 3814 547 3866 H.
598 3843 635 3854 -
692 3812 721 3879 ³)
740 3822 829 3864 cottum
850 3813 880 3866 C.
902 3815 936 3866 H.
987 3843 1022 3852 -
1082 3815 1270 3882 sonuli.
1307 3845 1343 3858 —-

235 3892 248 3926 ⁵
284 3883 385 3935 Verba:
410 3900 472 3944 quoe
489 3892 528 3934 est
544 3891 583 3934 bts
600 3899 653 3935 coc.
673 3887 720 3931 tus.
739 3883 834 3934 desunt
850 3882 879 3934 in
896 3882 979 3934 Corld.
998 3883 1072 3952 Hisp.
1106 3885 1142 3924 5-
1184 3887 1213 3954 ⁰)
1231 3889 1342 3941 Nullum

258 3950 337 4016 hujus
349 3952 654 4020 epistolaelragmectorn
665 3949 761 4002 habent
771 3952 823 4002 les.
831 3952 866 4014 Α,
879 3953 900 4003 B
911 3971 917 4015 3
937 3952 1055 4005 ultimum
1067 3959 1175 4021 ιιιίιῐιιιιι,
1188 3959 1259 4024 qnod
1272 3959 1342 4010 inci-

259 4019 333 4088 pit·a
348 4022 451 4076 verbis:
475 4031 538 4076 Num
555 4033 578 4075 rt
594 4032 628 4075 ad
645 4028 740 4080 aliquos
757 4030 803 4073 etc.
822 4021 938 4091 extatin
957 4023 1023 4088 Reg.
1040 4027 1071 4088 A,
1089 4027 1121 4089 Β,
1138 4025 1170 4091 F,
1189 4027 1229 4091 n,
1249 4027 1340 4092 Corb,

220 4149 224 4158 .
260 4089 380 4152 Cotton,
407 4093 484 4144 etin
509 4093 539 4145 C.
557 4095 591 4147 H.
626 4093 760 4163 Epistolae
783 4091 946 4158 prooemium
969 4100 995 4143 et
1018 4099 1100 4146 totum
1125 4103 1203 4163 caput
1225 4097 1339 4164 primum

259 4159 385 4228 exhibent
402 4159 468 4224 Reg.
486 4163 524 4222 1),
542 4164 569 4213 S.
594 4191 629 4224 ‚—
664 4160 693 4226 7)
713 4167 804 4220 modat
821 4169 854 4210 od
871 4169 967 4222 mimos
983 4168 1090 4224 rornrutc
1107 4171 1151 4214 ttto
1168 4173 1340 4220 ecclesiastico

262 4227 293 4282 C.
311 4229 386 4297 Hisp.
420 4257 455 4269 -
498 4231 526 4298 θ)
544 4237 740 4296 ipnorattonr'bus
754 4231 786 4280 U.
806 4229 839 4281 G.
873 4256 909 4270 -
957 4231 986 4300 ⁹)
1002 4239 1125 4285 relincunt
1142 4233 1173 4286 C.
1191 4236 1268 4304 Hisp.
1304 4266 1348 4282 —1

214 4299 263 4366 ¹⁰)
281 4307 394 4352 omittant
411 4299 442 4350 C.
461 4298 496 4350 H.
531 4329 566 4340 —
610 4299 659 4366 11)
678 4307 803 4350 dibussem
821 4317 838 4349 a
855 4311 940 4354 socero
958 4301 989 4353 C.
1006 4303 1040 4355 H.
1058 4309 1163 4370 praeter
1180 4307 1211 4356 U.
1231 4307 1265 4358 G.
1287 4294 1339 4346 '—

212 4368 262 4435 12)
278 4369 427 4432 eloquatur
445 4367 476 4429 C.
494 4367 528 4421 Η.
563 4399 598 4408 -
639 4368 688 4435 1³)
707 4377 850 4429 caprariam
865 4377 979 4438 titubes
997 4371 1028 4422 c.
1045 4373 1080 4424 Η.
1120 4403 1155 4412 -
1201 4374 1251 4443 ¹⁴)
1269 4386 1337 4428 errae

256 4439 347 4500 fumum
364 4440 467 4492 Cotton.
492 4465 527 4476 —-
555 4438 604 4503 Η)
622 4439 753 4488 collaltone
768 4437 835 4501 Reg.
846 4437 880 4501 F,
896 4441 929 4502 K,
947 4441 999 4491 Jes.
1017 4441 1050 4504 D,
1068 4443 1183 4506 Cotton..
1201 4450 1230 4496 et
1248 4443 1279 4497 O.
1293 4448 1336 4508 H.;

255 4507 359 4568 quotibet
376 4505 626 4570 contorsisse-1),
645 4505 687 4572 G„
698 4505 731 4568 S;
751 4517 931 4566 consociatione
950 4509 1015 4562 Luc.
1048 4537 1085 4549 --
1124 4511 1173 4579 ¹⁶)
1191 4521 1218 4566 ln
1238 4523 1336 4567 domum

254 4573 525 4641 lieg;AetCotton.
562 4599 596 4612 -
637 4575 686 4640 ¹⁷)
704 4576 828 4627 oddeest
844 4577 871 4627 in
890 4577 991 4630 Cotton.
1027 4577 1089 4618 ·-'

1392 4208 1402 4222 ⁸
