<?xml version="1.0" encoding="UTF-8"?>
<!DOCTYPE html PUBLIC "-//W3C//DTD XHTML 1.0 Transitional//EN"
    "http://www.w3.org/TR/xhtml1/DTD/xhtml1-transitional.dtd">
<html xmlns="http://www.w3.org/1999/xhtml" xml:lang="en" lang="en">
 <head>
  <title>
</title>
<meta http-equiv="Content-Type" content="text/html;charset=utf-8" />
  <meta name='ocr-system' content='tesseract 3.04.00' />
  <meta name='ocr-capabilities' content='ocr_page ocr_carea ocr_par ocr_line ocrx_word'/>
</head>
<body>
  <div class='ocr_page' id='page_1' title='image "./canonesapostolo01brungoog_0245.png"; bbox 0 0 2868 5040; ppageno 0'>
   <div class='ocr_carea' id='block_1_1' title="bbox 339 163 1215 332">
    <p class='ocr_par' dir='ltr' id='par_1_1' title="bbox 339 163 1215 332">
     <span class='ocr_line' id='line_1_1' title="bbox 339 163 1215 332; baseline 0 -21"><span class='ocrx_word' id='word_1_1' title='bbox 339 163 580 311; x_wconf 71' lang='lat' dir='ltr'><strong>concaua</strong></span> <span class='ocrx_word' id='word_1_2' title='bbox 601 231 873 332; x_wconf 72' lang='lat' dir='ltr'><strong>uersatur</strong></span> <span class='ocrx_word' id='word_1_3' title='bbox 881 234 944 311; x_wconf 81' lang='lat' dir='ltr'><strong>u·</strong></span> <span class='ocrx_word' id='word_1_4' title='bbox 1142 235 1215 318; x_wconf 83' lang='grc' dir='ltr'><strong>ιιι</strong></span> 
     </span>
    </p>
   </div>
   <div class='ocr_carea' id='block_1_2' title="bbox 38 398 1298 912">
    <p class='ocr_par' dir='ltr' id='par_1_2' title="bbox 38 398 1298 912">
     <span class='ocr_line' id='line_1_2' title="bbox 38 398 1215 502; baseline -0.002 -34"><span class='ocrx_word' id='word_1_5' title='bbox 38 399 168 468; x_wconf 87' lang='lat' dir='ltr'><strong>sortiri</strong></span> <span class='ocrx_word' id='word_1_6' title='bbox 184 407 382 486; x_wconf 75' lang='lat' dir='ltr'><strong>praesumat,</strong></span> <span class='ocrx_word' id='word_1_7' title='bbox 411 398 441 464; x_wconf 90' lang='lat' dir='ltr'><strong>id</strong></span> <span class='ocrx_word' id='word_1_8' title='bbox 471 409 524 468; x_wconf 82' lang='lat' dir='ltr'><strong>est</strong></span> <span class='ocrx_word' id='word_1_9' title='bbox 548 401 652 470; x_wconf 76' lang='lat' dir='ltr'><strong>fratris</strong></span> <span class='ocrx_word' id='word_1_10' title='bbox 680 401 820 470; x_wconf 84' lang='lat' dir='ltr'><strong>relictam</strong></span> <span class='ocrx_word' id='word_1_11' title='bbox 844 422 907 466; x_wconf 86' lang='lat' dir='ltr'><strong>nec</strong></span> <span class='ocrx_word' id='word_1_12' title='bbox 932 421 1100 469; x_wconf 84' lang='lat' dir='ltr'><strong>novercam</strong></span> <span class='ocrx_word' id='word_1_13' title='bbox 1120 423 1215 502; x_wconf 68' lang='lat' dir='ltr'><strong>snam</strong></span> 
     </span>
     <span class='ocr_line' id='line_1_3' title="bbox 38 481 1214 572; baseline -0.003 -19"><span class='ocrx_word' id='word_1_14' title='bbox 38 492 265 570; x_wconf 79' lang='lat' dir='ltr'><strong>relictamque</strong></span> <span class='ocrx_word' id='word_1_15' title='bbox 285 487 387 570; x_wconf 90' lang='lat' dir='ltr'><strong>patrui</strong></span> <span class='ocrx_word' id='word_1_16' title='bbox 401 487 453 550; x_wconf 90' lang='lat' dir='ltr'><strong>vel</strong></span> <span class='ocrx_word' id='word_1_17' title='bbox 473 507 619 557; x_wconf 88' lang='lat' dir='ltr'><strong>sororem</strong></span> <span class='ocrx_word' id='word_1_18' title='bbox 631 489 738 566; x_wconf 86' lang='lat' dir='ltr'><strong>uxoris</strong></span> <span class='ocrx_word' id='word_1_19' title='bbox 758 507 838 552; x_wconf 89' lang='lat' dir='ltr'><strong>suae</strong></span> <span class='ocrx_word' id='word_1_20' title='bbox 858 481 919 552; x_wconf 88' lang='lat' dir='ltr'><strong>sibi</strong></span> <span class='ocrx_word' id='word_1_21' title='bbox 939 487 1056 552; x_wconf 89' lang='lat' dir='ltr'><strong>audeat</strong></span> <span class='ocrx_word' id='word_1_22' title='bbox 1076 491 1214 572; x_wconf 82' lang='lat' dir='ltr'><strong>sociare,</strong></span> 
     </span>
     <span class='ocr_line' id='line_1_4' title="bbox 39 573 1298 673; baseline -0.002 -35"><span class='ocrx_word' id='word_1_23' title='bbox 39 597 166 658; x_wconf 87' lang='lat' dir='ltr'><strong>neque</strong></span> <span class='ocrx_word' id='word_1_24' title='bbox 195 575 343 673; x_wconf 78' lang='lat' dir='ltr'><strong>avnnculi</strong></span> <span class='ocrx_word' id='word_1_25' title='bbox 369 591 494 669; x_wconf 88' lang='lat' dir='ltr'><strong>quoque</strong></span> <span class='ocrx_word' id='word_1_26' title='bbox 522 573 652 638; x_wconf 89' lang='lat' dir='ltr'><strong>relictae</strong></span> <span class='ocrx_word' id='word_1_27' title='bbox 680 592 783 655; x_wconf 87' lang='lat' dir='ltr'><strong>neque</strong></span> <span class='ocrx_word' id='word_1_28' title='bbox 803 591 899 636; x_wconf 90' lang='lat' dir='ltr'><strong>nurus</strong></span> <span class='ocrx_word' id='word_1_29' title='bbox 919 592 997 639; x_wconf 84' lang='lat' dir='ltr'><strong>snae</strong></span> <span class='ocrx_word' id='word_1_30' title='bbox 1018 575 1072 638; x_wconf 90' lang='lat' dir='ltr'><strong>vel</strong></span> <span class='ocrx_word' id='word_1_31' title='bbox 1090 583 1213 639; x_wconf 79' lang='lat' dir='ltr'><strong>mater·¹</strong></span> <span class='ocrx_word' id='word_1_32' title='bbox 1289 606 1298 613; x_wconf 81' lang='lat'><em>-</em></span> 
     </span>
     <span class='ocr_line' id='line_1_5' title="bbox 41 653 1277 742; baseline -0.002 -18"><span class='ocrx_word' id='word_1_33' title='bbox 41 671 151 724; x_wconf 87' lang='lat' dir='ltr'><strong>terae</strong></span> <span class='ocrx_word' id='word_1_34' title='bbox 182 658 330 742; x_wconf 79' lang='lat' dir='ltr'><strong>conjugio</strong></span> <span class='ocrx_word' id='word_1_35' title='bbox 361 655 505 738; x_wconf 90' lang='lat' dir='ltr'><strong>potiatur.</strong></span> <span class='ocrx_word' id='word_1_36' title='bbox 572 653 645 723; x_wconf 86' lang='lat' dir='ltr'><strong>Pari</strong></span> <span class='ocrx_word' id='word_1_37' title='bbox 676 659 771 722; x_wconf 87' lang='lat' dir='ltr'><strong>etiam</strong></span> <span class='ocrx_word' id='word_1_38' title='bbox 802 659 979 724; x_wconf 85' lang='lat' dir='ltr'><strong>conditione</strong></span> <span class='ocrx_word' id='word_1_39' title='bbox 1011 672 1032 720; x_wconf 86' lang='lat' dir='ltr'><strong>a</strong></span> <span class='ocrx_word' id='word_1_40' title='bbox 1062 656 1212 742; x_wconf 71' lang='lat' dir='ltr'><strong>conjugio</strong></span> <span class='ocrx_word' id='word_1_41' title='bbox 1266 725 1277 737; x_wconf 74' lang='grc'>,</span> 
     </span>
     <span class='ocr_line' id='line_1_6' title="bbox 42 740 1213 892; baseline 0.003 -84"><span class='ocrx_word' id='word_1_42' title='bbox 42 745 198 826; x_wconf 85' lang='lat' dir='ltr'><strong>amitae,</strong></span> <span class='ocrx_word' id='word_1_43' title='bbox 234 745 398 892; x_wconf 68' lang='lat' dir='ltr'><strong>privignae</strong></span> <span class='ocrx_word' id='word_1_44' title='bbox 430 760 474 807; x_wconf 85' lang='lat' dir='ltr'><strong>aa</strong></span> <span class='ocrx_word' id='word_1_45' title='bbox 502 740 585 809; x_wconf 84' lang='lat' dir='ltr'><strong>filiae</strong></span> <span class='ocrx_word' id='word_1_46' title='bbox 615 744 779 827; x_wconf 75' lang='lat' dir='ltr'><strong>privignae</strong></span> <span class='ocrx_word' id='word_1_47' title='bbox 812 741 1084 824; x_wconf 79' lang='lat' dir='ltr'><strong>omjmettonibus</strong></span> <span class='ocrx_word' id='word_1_48' title='bbox 1115 761 1213 828; x_wconf 67' lang='lat' dir='ltr'><strong>prae-r</strong></span> 
     </span>
     <span class='ocr_line' id='line_1_7' title="bbox 41 826 421 912; baseline -0.016 -18"><span class='ocrx_word' id='word_1_49' title='bbox 41 831 193 912; x_wconf 85' lang='lat' dir='ltr'><strong>cipimus</strong></span> <span class='ocrx_word' id='word_1_50' title='bbox 213 849 234 892; x_wconf 92' lang='lat' dir='ltr'><strong>a</strong></span> <span class='ocrx_word' id='word_1_51' title='bbox 254 827 362 892; x_wconf 88' lang='lat' dir='ltr'><strong>stineri</strong></span> <span class='ocrx_word' id='word_1_52' title='bbox 380 826 421 907; x_wconf 90' lang='lat'><strong>¹)</strong></span> 
     </span>
    </p>
   </div>
   <div class='ocr_carea' id='block_1_3' title="bbox 43 937 1257 1035">
    <p class='ocr_par' dir='ltr' id='par_1_3' title="bbox 43 937 1257 1035">
     <span class='ocr_line' id='line_1_8' title="bbox 43 937 1257 1035; baseline -0.003 -21"><span class='ocrx_word' id='word_1_53' title='bbox 43 949 96 1014; x_wconf 83' lang='lat' dir='ltr'><strong>V.</strong></span> <span class='ocrx_word' id='word_1_54' title='bbox 132 945 186 1013; x_wconf 82' lang='lat' dir='ltr'><strong>Ne</strong></span> <span class='ocrx_word' id='word_1_55' title='bbox 208 948 278 1030; x_wconf 83' lang='lat' dir='ltr'><strong>qais</strong></span> <span class='ocrx_word' id='word_1_56' title='bbox 298 953 448 1016; x_wconf 77' lang='grc' dir='ltr'>ιιιιιιιιαι</span> <span class='ocrx_word' id='word_1_57' title='bbox 465 937 607 1029; x_wconf 64' lang='lat' dir='ltr'><strong>virgilias</strong></span> <span class='ocrx_word' id='word_1_58' title='bbox 628 955 687 1009; x_wconf 77' lang='lat' dir='ltr'><strong>unt</strong></span> <span class='ocrx_word' id='word_1_59' title='bbox 707 946 894 1030; x_wconf 78' lang='lat' dir='ltr'><strong>religionem</strong></span> <span class='ocrx_word' id='word_1_60' title='bbox 915 951 1078 1032; x_wconf 60' lang='lat' dir='ltr'><strong>moserano</strong></span> <span class='ocrx_word' id='word_1_61' title='bbox 1098 949 1214 1035; x_wconf 72' lang='lat' dir='ltr'><strong>rapiat</strong></span> <span class='ocrx_word' id='word_1_62' title='bbox 1252 1023 1257 1030; x_wconf 29' lang='grc' dir='ltr'>Ι</span> 
     </span>
    </p>
   </div>
   <div class='ocr_carea' id='block_1_4' title="bbox 515 1033 755 1114">
    <p class='ocr_par' dir='ltr' id='par_1_4' title="bbox 515 1033 755 1114">
     <span class='ocr_line' id='line_1_9' title="bbox 515 1033 755 1114; baseline 0 -20"><span class='ocrx_word' id='word_1_63' title='bbox 515 1033 567 1094; x_wconf 84' lang='lat' dir='ltr'><strong>nel</strong></span> <span class='ocrx_word' id='word_1_64' title='bbox 578 1039 755 1114; x_wconf 16' lang='lat' dir='ltr'><strong>weompnat</strong></span> 
     </span>
    </p>
   </div>
   <div class='ocr_carea' id='block_1_5' title="bbox 47 1109 1299 2133">
    <p class='ocr_par' dir='ltr' id='par_1_5' title="bbox 47 1109 1299 2133">
     <span class='ocr_line' id='line_1_10' title="bbox 64 1109 1213 1217; baseline 0.003 -39"><span class='ocrx_word' id='word_1_65' title='bbox 64 1109 73 1120; x_wconf 72' lang='lat'><em>&#39;</em></span> <span class='ocrx_word' id='word_1_66' title='bbox 149 1115 314 1179; x_wconf 81' lang='lat' dir='ltr'><strong>Sacrorum</strong></span> <span class='ocrx_word' id='word_1_67' title='bbox 348 1115 442 1178; x_wconf 84' lang='lat' dir='ltr'><strong>etiam</strong></span> <span class='ocrx_word' id='word_1_68' title='bbox 478 1115 633 1212; x_wconf 85' lang='lat' dir='ltr'><strong>virginum</strong></span> <span class='ocrx_word' id='word_1_69' title='bbox 659 1136 763 1198; x_wconf 88' lang='lat' dir='ltr'><strong>neque</strong></span> <span class='ocrx_word' id='word_1_70' title='bbox 793 1137 850 1216; x_wconf 87' lang='lat' dir='ltr'><strong>per</strong></span> <span class='ocrx_word' id='word_1_71' title='bbox 877 1127 998 1217; x_wconf 88' lang='lat' dir='ltr'><strong>raptum</strong></span> <span class='ocrx_word' id='word_1_72' title='bbox 1025 1137 1130 1201; x_wconf 86' lang='lat' dir='ltr'><strong>neque</strong></span> <span class='ocrx_word' id='word_1_73' title='bbox 1156 1137 1213 1200; x_wconf 89' lang='lat' dir='ltr'><strong>per</strong></span> 
     </span>
     <span class='ocr_line' id='line_1_11' title="bbox 49 1199 1213 1297; baseline 0.003 -33"><span class='ocrx_word' id='word_1_74' title='bbox 49 1201 307 1282; x_wconf 79' lang='lat' dir='ltr'><strong>competitiones</strong></span> <span class='ocrx_word' id='word_1_75' title='bbox 333 1201 454 1297; x_wconf 75' lang='lat' dir='ltr'><strong>aliquas</strong></span> <span class='ocrx_word' id='word_1_76' title='bbox 481 1199 646 1282; x_wconf 85' lang='lat' dir='ltr'><strong>quisquam</strong></span> <span class='ocrx_word' id='word_1_77' title='bbox 675 1199 822 1297; x_wconf 81' lang='lat' dir='ltr'><strong>conjugia</strong></span> <span class='ocrx_word' id='word_1_78' title='bbox 854 1205 1011 1266; x_wconf 85' lang='lat' dir='ltr'><strong>sortietur.</strong></span> <span class='ocrx_word' id='word_1_79' title='bbox 1063 1202 1213 1268; x_wconf 84' lang='lat' dir='ltr'><strong>Similiter</strong></span> 
     </span>
     <span class='ocr_line' id='line_1_12' title="bbox 48 1283 1213 1384; baseline 0.003 -35"><span class='ocrx_word' id='word_1_80' title='bbox 48 1287 98 1350; x_wconf 89' lang='lat' dir='ltr'><strong>de</strong></span> <span class='ocrx_word' id='word_1_81' title='bbox 128 1305 233 1348; x_wconf 87' lang='lat' dir='ltr'><strong>earum</strong></span> <span class='ocrx_word' id='word_1_82' title='bbox 255 1285 315 1347; x_wconf 89' lang='lat' dir='ltr'><strong>erit</strong></span> <span class='ocrx_word' id='word_1_83' title='bbox 334 1283 605 1364; x_wconf 84' lang='lat' dir='ltr'><strong>conjunctionibus</strong></span> <span class='ocrx_word' id='word_1_84' title='bbox 626 1283 844 1384; x_wconf 82' lang='lat' dir='ltr'><strong>abstinendum</strong></span> <span class='ocrx_word' id='word_1_85' title='bbox 869 1289 925 1368; x_wconf 87' lang='lat' dir='ltr'><strong>(et</strong></span> <span class='ocrx_word' id='word_1_86' title='bbox 950 1288 982 1350; x_wconf 87' lang='lat' dir='ltr'><strong>lri</strong></span> <span class='ocrx_word' id='word_1_87' title='bbox 1009 1288 1138 1372; x_wconf 84' lang='lat' dir='ltr'><strong>quiens</strong></span> <span class='ocrx_word' id='word_1_88' title='bbox 1159 1310 1213 1353; x_wconf 88' lang='lat' dir='ltr'><strong>ra-</strong></span> 
     </span>
     <span class='ocr_line' id='line_1_13' title="bbox 47 1370 1213 1458; baseline 0.004 -26"><span class='ocrx_word' id='word_1_89' title='bbox 47 1391 140 1454; x_wconf 88' lang='lat' dir='ltr'><strong>pere</strong></span> <span class='ocrx_word' id='word_1_90' title='bbox 162 1379 217 1434; x_wconf 83' lang='lat' dir='ltr'><strong>aut</strong></span> <span class='ocrx_word' id='word_1_91' title='bbox 236 1376 415 1451; x_wconf 82' lang='lat' dir='ltr'><strong>competere</strong></span> <span class='ocrx_word' id='word_1_92' title='bbox 435 1370 607 1452; x_wconf 88' lang='lat' dir='ltr'><strong>voluerint,</strong></span> <span class='ocrx_word' id='word_1_93' title='bbox 635 1389 654 1432; x_wconf 88' lang='lat' dir='ltr'><strong>a</strong></span> <span class='ocrx_word' id='word_1_94' title='bbox 675 1371 890 1435; x_wconf 88' lang='lat' dir='ltr'><strong>commuuione</strong></span> <span class='ocrx_word' id='word_1_95' title='bbox 909 1381 984 1436; x_wconf 88' lang='lat' dir='ltr'><strong>sunt</strong></span> <span class='ocrx_word' id='word_1_96' title='bbox 1003 1373 1213 1458; x_wconf 80' lang='lat' dir='ltr'><strong>removendi),</strong></span> 
     </span>
     <span class='ocr_line' id='line_1_14' title="bbox 51 1454 1214 1542; baseline 0.001 -21"><span class='ocrx_word' id='word_1_97' title='bbox 51 1477 150 1538; x_wconf 82' lang='lat' dir='ltr'><strong>quae</strong></span> <span class='ocrx_word' id='word_1_98' title='bbox 177 1456 314 1518; x_wconf 87' lang='lat' dir='ltr'><strong>vestium</strong></span> <span class='ocrx_word' id='word_1_99' title='bbox 342 1457 583 1518; x_wconf 88' lang='lat' dir='ltr'><strong>commutatione</strong></span> <span class='ocrx_word' id='word_1_100' title='bbox 609 1463 673 1517; x_wconf 88' lang='lat' dir='ltr'><strong>tarn</strong></span> <span class='ocrx_word' id='word_1_101' title='bbox 694 1454 808 1518; x_wconf 91' lang='lat' dir='ltr'><strong>viduae</strong></span> <span class='ocrx_word' id='word_1_102' title='bbox 828 1475 922 1537; x_wconf 87' lang='lat' dir='ltr'><strong>quam</strong></span> <span class='ocrx_word' id='word_1_103' title='bbox 941 1460 1064 1538; x_wconf 88' lang='lat' dir='ltr'><strong>puellae</strong></span> <span class='ocrx_word' id='word_1_104' title='bbox 1084 1461 1214 1542; x_wconf 86' lang='lat' dir='ltr'><strong>religio-</strong></span> 
     </span>
     <span class='ocr_line' id='line_1_15' title="bbox 53 1525 1213 1622; baseline 0.006 -18"><span class='ocrx_word' id='word_1_105' title='bbox 53 1562 150 1620; x_wconf 88' lang='lat' dir='ltr'><strong>nem,</strong></span> <span class='ocrx_word' id='word_1_106' title='bbox 171 1525 393 1621; x_wconf 81' lang='lat' dir='ltr'><strong>poenitentiam</strong></span> <span class='ocrx_word' id='word_1_107' title='bbox 415 1547 470 1602; x_wconf 87' lang='lat' dir='ltr'><strong>aut</strong></span> <span class='ocrx_word' id='word_1_108' title='bbox 493 1540 704 1622; x_wconf 87' lang='lat' dir='ltr'><strong>virginitatem</strong></span> <span class='ocrx_word' id='word_1_109' title='bbox 725 1541 849 1620; x_wconf 86' lang='lat' dir='ltr'><strong>publica</strong></span> <span class='ocrx_word' id='word_1_110' title='bbox 869 1541 982 1606; x_wconf 87' lang='lat' dir='ltr'><strong>fuerint</strong></span> <span class='ocrx_word' id='word_1_111' title='bbox 1000 1543 1213 1610; x_wconf 79' lang='lat' dir='ltr'><strong>declaratione</strong></span> 
     </span>
     <span class='ocr_line' id='line_1_16' title="bbox 50 1623 1299 1708; baseline 0.006 -20"><span class='ocrx_word' id='word_1_112' title='bbox 50 1627 239 1708; x_wconf 76' lang='lat' dir='ltr'><strong>professae</strong></span> <span class='ocrx_word' id='word_1_113' title='bbox 273 1623 365 1704; x_wconf 83' lang='lat' dir='ltr'><strong>Quod</strong></span> <span class='ocrx_word' id='word_1_114' title='bbox 386 1624 414 1684; x_wconf 91' lang='lat' dir='ltr'><strong>si</strong></span> <span class='ocrx_word' id='word_1_115' title='bbox 436 1633 544 1693; x_wconf 87' lang='lat' dir='ltr'><strong>contra</strong></span> <span class='ocrx_word' id='word_1_116' title='bbox 565 1625 727 1688; x_wconf 85' lang='lat' dir='ltr'><strong>interdicta</strong></span> <span class='ocrx_word' id='word_1_117' title='bbox 740 1627 811 1706; x_wconf 92' lang='lat' dir='ltr'><strong>quis</strong></span> <span class='ocrx_word' id='word_1_118' title='bbox 824 1623 947 1689; x_wconf 91' lang='lat' dir='ltr'><strong>venerit</strong></span> <span class='ocrx_word' id='word_1_119' title='bbox 961 1635 994 1690; x_wconf 90' lang='lat' dir='ltr'><strong>et</strong></span> <span class='ocrx_word' id='word_1_120' title='bbox 1013 1629 1212 1694; x_wconf 81' lang='lat' dir='ltr'><strong>sacerdotem</strong></span> <span class='ocrx_word' id='word_1_121' title='bbox 1292 1624 1299 1634; x_wconf 79' lang='grc'>’</span> 
     </span>
     <span class='ocr_line' id='line_1_17' title="bbox 52 1707 1214 1790; baseline 0 -16"><span class='ocrx_word' id='word_1_122' title='bbox 52 1731 158 1774; x_wconf 89' lang='lat' dir='ltr'><strong>suum</strong></span> <span class='ocrx_word' id='word_1_123' title='bbox 185 1710 291 1772; x_wconf 89' lang='lat' dir='ltr'><strong>audire</strong></span> <span class='ocrx_word' id='word_1_124' title='bbox 317 1707 507 1790; x_wconf 82' lang='lat' dir='ltr'><strong>neglexerit,</strong></span> <span class='ocrx_word' id='word_1_125' title='bbox 536 1710 599 1771; x_wconf 92' lang='lat' dir='ltr'><strong>et</strong></span> <span class='ocrx_word' id='word_1_126' title='bbox 591 1729 621 1770; x_wconf 89' lang='grc' dir='ltr'><strong>ιιι</strong></span> <span class='ocrx_word' id='word_1_127' title='bbox 643 1710 801 1789; x_wconf 88' lang='lat' dir='ltr'><strong>praesenti</strong></span> <span class='ocrx_word' id='word_1_128' title='bbox 822 1729 842 1772; x_wconf 88' lang='lat' dir='ltr'><strong>a</strong></span> <span class='ocrx_word' id='word_1_129' title='bbox 863 1715 1078 1775; x_wconf 89' lang='lat' dir='ltr'><strong>communione</strong></span> <span class='ocrx_word' id='word_1_130' title='bbox 1098 1717 1214 1776; x_wconf 86' lang='lat' dir='ltr'><strong>catho-</strong></span> 
     </span>
     <span class='ocr_line' id='line_1_18' title="bbox 51 1793 1212 1878; baseline 0.003 -22"><span class='ocrx_word' id='word_1_131' title='bbox 51 1799 146 1860; x_wconf 89' lang='lat' dir='ltr'><strong>licae</strong></span> <span class='ocrx_word' id='word_1_132' title='bbox 168 1793 325 1860; x_wconf 84' lang='lat' dir='ltr'><strong>ecclesiae</strong></span> <span class='ocrx_word' id='word_1_133' title='bbox 345 1793 497 1858; x_wconf 86' lang='lat' dir='ltr'><strong>habeatur</strong></span> <span class='ocrx_word' id='word_1_134' title='bbox 517 1803 689 1858; x_wconf 81' lang='lat' dir='ltr'><strong>extraneus</strong></span> <span class='ocrx_word' id='word_1_135' title='bbox 709 1796 770 1858; x_wconf 87' lang='lat' dir='ltr'><strong>et</strong></span> <span class='ocrx_word' id='word_1_136' title='bbox 762 1815 793 1858; x_wconf 91' lang='lat' dir='ltr'><strong>m</strong></span> <span class='ocrx_word' id='word_1_137' title='bbox 810 1806 993 1878; x_wconf 88' lang='lat' dir='ltr'><strong>perpetuum</strong></span> <span class='ocrx_word' id='word_1_138' title='bbox 1011 1799 1212 1862; x_wconf 87' lang='lat' dir='ltr'><strong>anathemate</strong></span> 
     </span>
     <span class='ocr_line' id='line_1_19' title="bbox 51 1881 199 1944; baseline 0 -2"><span class='ocrx_word' id='word_1_139' title='bbox 51 1881 199 1944; x_wconf 77' lang='lat' dir='ltr'><strong>feriatur.</strong></span> 
     </span>
     <span class='ocr_line' id='line_1_20' title="bbox 101 1961 1171 2052; baseline 0.001 -22"><span class='ocrx_word' id='word_1_140' title='bbox 101 1965 164 2030; x_wconf 91' lang='lat' dir='ltr'><strong>Vl.</strong></span> <span class='ocrx_word' id='word_1_141' title='bbox 205 1961 319 2030; x_wconf 82' lang='lat' dir='ltr'><strong>Nullus</strong></span> <span class='ocrx_word' id='word_1_142' title='bbox 339 1982 390 2026; x_wconf 81' lang='lat' dir='ltr'><strong>res</strong></span> <span class='ocrx_word' id='word_1_143' title='bbox 412 1964 551 2040; x_wconf 83' lang='lat' dir='ltr'><strong>alienas,</strong></span> <span class='ocrx_word' id='word_1_144' title='bbox 571 1965 676 2028; x_wconf 79' lang='lat' dir='ltr'><strong>nullus</strong></span> <span class='ocrx_word' id='word_1_145' title='bbox 696 1964 826 2027; x_wconf 76' lang='lat' dir='ltr'><strong>cidnum</strong></span> <span class='ocrx_word' id='word_1_146' title='bbox 838 1965 899 2028; x_wconf 81' lang='lat' dir='ltr'><strong>cel</strong></span> <span class='ocrx_word' id='word_1_147' title='bbox 907 1966 1018 2052; x_wconf 75' lang='lat' dir='ltr'><strong>filiam</strong></span> <span class='ocrx_word' id='word_1_148' title='bbox 1038 1965 1171 2031; x_wconf 73' lang='lat' dir='ltr'><strong>alteriue</strong></span> 
     </span>
     <span class='ocr_line' id='line_1_21' title="bbox 450 2053 855 2133; baseline 0.003 -23"><span class='ocrx_word' id='word_1_149' title='bbox 450 2058 610 2132; x_wconf 79' lang='lat' dir='ltr'><strong>competat</strong></span> <span class='ocrx_word' id='word_1_150' title='bbox 630 2059 687 2112; x_wconf 84' lang='lat' dir='ltr'><strong>aut</strong></span> <span class='ocrx_word' id='word_1_151' title='bbox 708 2053 855 2133; x_wconf 81' lang='lat' dir='ltr'><strong>rapiat.</strong></span> 
     </span>
    </p>
   </div>
   <div class='ocr_carea' id='block_1_6' title="bbox 57 2148 1301 2742">
    <p class='ocr_par' dir='ltr' id='par_1_6' title="bbox 57 2148 1301 2742">
     <span class='ocr_line' id='line_1_22' title="bbox 153 2148 1268 2235; baseline 0.007 -22"><span class='ocrx_word' id='word_1_152' title='bbox 153 2153 197 2214; x_wconf 82' lang='lat' dir='ltr'><strong>Et</strong></span> <span class='ocrx_word' id='word_1_153' title='bbox 218 2151 290 2232; x_wconf 85' lang='lat' dir='ltr'><strong>quia</strong></span> <span class='ocrx_word' id='word_1_154' title='bbox 309 2148 429 2212; x_wconf 88' lang='lat' dir='ltr'><strong>utilium</strong></span> <span class='ocrx_word' id='word_1_155' title='bbox 451 2169 551 2212; x_wconf 88' lang='lat' dir='ltr'><strong>rerum</strong></span> <span class='ocrx_word' id='word_1_156' title='bbox 572 2151 679 2231; x_wconf 85' lang='lat' dir='ltr'><strong>coepit</strong></span> <span class='ocrx_word' id='word_1_157' title='bbox 703 2170 802 2215; x_wconf 87' lang='lat' dir='ltr'><strong>causa</strong></span> <span class='ocrx_word' id='word_1_158' title='bbox 827 2151 969 2235; x_wconf 85' lang='lat' dir='ltr'><strong>tractari,</strong></span> <span class='ocrx_word' id='word_1_159' title='bbox 994 2149 1056 2218; x_wconf 89' lang='lat' dir='ltr'><strong>hoc</strong></span> <span class='ocrx_word' id='word_1_160' title='bbox 1083 2157 1213 2220; x_wconf 90' lang='lat' dir='ltr'><strong>univer·</strong></span> <span class='ocrx_word' id='word_1_161' title='bbox 1264 2215 1268 2228; x_wconf 81' lang='grc'><strong>,</strong></span> 
     </span>
     <span class='ocr_line' id='line_1_23' title="bbox 57 2233 1213 2343; baseline 0.008 -44"><span class='ocrx_word' id='word_1_162' title='bbox 57 2239 147 2300; x_wconf 83' lang='grc' dir='ltr'>ιίιιι</span> <span class='ocrx_word' id='word_1_163' title='bbox 169 2255 358 2318; x_wconf 86' lang='lat' dir='ltr'><strong>praecavere</strong></span> <span class='ocrx_word' id='word_1_164' title='bbox 380 2254 504 2318; x_wconf 90' lang='lat' dir='ltr'><strong>quoque</strong></span> <span class='ocrx_word' id='word_1_165' title='bbox 524 2233 629 2317; x_wconf 87' lang='lat' dir='ltr'><strong>debet,</strong></span> <span class='ocrx_word' id='word_1_166' title='bbox 651 2246 714 2299; x_wconf 88' lang='lat' dir='ltr'><strong>tam</strong></span> <span class='ocrx_word' id='word_1_167' title='bbox 736 2237 920 2302; x_wconf 86' lang='lat' dir='ltr'><strong>sacerdotes</strong></span> <span class='ocrx_word' id='word_1_168' title='bbox 941 2258 1033 2319; x_wconf 89' lang='lat' dir='ltr'><strong>quam</strong></span> <span class='ocrx_word' id='word_1_169' title='bbox 1055 2241 1213 2343; x_wconf 88' lang='lat' dir='ltr'><strong>principes</strong></span> 
     </span>
     <span class='ocr_line' id='line_1_24' title="bbox 61 2319 1213 2412; baseline 0.006 -27"><span class='ocrx_word' id='word_1_170' title='bbox 61 2324 231 2402; x_wconf 87' lang='lat' dir='ltr'><strong>omnisque</strong></span> <span class='ocrx_word' id='word_1_171' title='bbox 264 2319 420 2404; x_wconf 90' lang='lat' dir='ltr'><strong>populus,</strong></span> <span class='ocrx_word' id='word_1_172' title='bbox 454 2329 505 2392; x_wconf 89' lang='lat' dir='ltr'><strong>ut</strong></span> <span class='ocrx_word' id='word_1_173' title='bbox 517 2322 620 2384; x_wconf 88' lang='lat' dir='ltr'><strong>nullus</strong></span> <span class='ocrx_word' id='word_1_174' title='bbox 646 2341 697 2384; x_wconf 87' lang='lat' dir='ltr'><strong>res</strong></span> <span class='ocrx_word' id='word_1_175' title='bbox 725 2323 844 2386; x_wconf 84' lang='lat' dir='ltr'><strong>alienas</strong></span> <span class='ocrx_word' id='word_1_176' title='bbox 871 2334 1052 2406; x_wconf 88' lang='lat' dir='ltr'><strong>competere</strong></span> <span class='ocrx_word' id='word_1_177' title='bbox 1081 2331 1213 2412; x_wconf 79' lang='lat' dir='ltr'><strong>aregis</strong></span> 
     </span>
     <span class='ocr_line' id='line_1_25' title="bbox 60 2381 1301 2488; baseline 0.004 -18"><span class='ocrx_word' id='word_1_178' title='bbox 60 2410 184 2471; x_wconf 86' lang='lat' dir='ltr'><strong>audeat</strong></span> <span class='ocrx_word' id='word_1_179' title='bbox 213 2415 393 2487; x_wconf 80' lang='lat' dir='ltr'><strong>potestate3</strong></span> <span class='ocrx_word' id='word_1_180' title='bbox 424 2381 526 2468; x_wconf 84' lang='lat' dir='ltr'><strong>nullus</strong></span> <span class='ocrx_word' id='word_1_181' title='bbox 553 2406 680 2468; x_wconf 84' lang='lat' dir='ltr'><strong>viduam</strong></span> <span class='ocrx_word' id='word_1_182' title='bbox 709 2427 812 2488; x_wconf 89' lang='lat' dir='ltr'><strong>neque</strong></span> <span class='ocrx_word' id='word_1_183' title='bbox 838 2407 932 2470; x_wconf 86' lang='lat' dir='ltr'><strong>filiam</strong></span> <span class='ocrx_word' id='word_1_184' title='bbox 963 2411 1092 2472; x_wconf 87' lang='lat' dir='ltr'><strong>alterius</strong></span> <span class='ocrx_word' id='word_1_185' title='bbox 1122 2425 1212 2476; x_wconf 87' lang='lat' dir='ltr'><strong>extra</strong></span> <span class='ocrx_word' id='word_1_186' title='bbox 1253 2416 1257 2424; x_wconf 93' lang='grc'><strong>’</strong></span> <span class='ocrx_word' id='word_1_187' title='bbox 1297 2477 1301 2488; x_wconf 75' lang='grc'><em>,</em></span> 
     </span>
     <span class='ocr_line' id='line_1_26' title="bbox 61 2495 1212 2574; baseline 0.003 -19"><span class='ocrx_word' id='word_1_188' title='bbox 61 2496 259 2555; x_wconf 86' lang='lat' dir='ltr'><strong>voluntatem</strong></span> <span class='ocrx_word' id='word_1_189' title='bbox 280 2499 443 2572; x_wconf 89' lang='lat' dir='ltr'><strong>parentum</strong></span> <span class='ocrx_word' id='word_1_190' title='bbox 464 2499 518 2552; x_wconf 88' lang='lat' dir='ltr'><strong>aut</strong></span> <span class='ocrx_word' id='word_1_191' title='bbox 537 2509 648 2571; x_wconf 90' lang='lat' dir='ltr'><strong>rapere</strong></span> <span class='ocrx_word' id='word_1_192' title='bbox 674 2501 854 2570; x_wconf 87' lang='lat' dir='ltr'><strong>praesumat</strong></span> <span class='ocrx_word' id='word_1_193' title='bbox 879 2504 934 2554; x_wconf 92' lang='lat' dir='ltr'><strong>aut</strong></span> <span class='ocrx_word' id='word_1_194' title='bbox 954 2495 1040 2574; x_wconf 75' lang='lat' dir='ltr'><strong>regis</strong></span> <span class='ocrx_word' id='word_1_195' title='bbox 1059 2495 1212 2560; x_wconf 86' lang='lat' dir='ltr'><strong>berreficio</strong></span> 
     </span>
     <span class='ocr_line' id='line_1_27' title="bbox 61 2574 1213 2658; baseline 0.003 -18"><span class='ocrx_word' id='word_1_196' title='bbox 61 2580 215 2640; x_wconf 88' lang='lat' dir='ltr'><strong>aestimet</strong></span> <span class='ocrx_word' id='word_1_197' title='bbox 242 2575 480 2658; x_wconf 88' lang='lat' dir='ltr'><strong>postulandam.</strong></span> <span class='ocrx_word' id='word_1_198' title='bbox 511 2574 594 2655; x_wconf 91' lang='lat' dir='ltr'><strong>quod</strong></span> <span class='ocrx_word' id='word_1_199' title='bbox 623 2574 652 2636; x_wconf 90' lang='lat' dir='ltr'><strong>si</strong></span> <span class='ocrx_word' id='word_1_200' title='bbox 680 2575 790 2636; x_wconf 84' lang='lat' dir='ltr'><strong>lecerit</strong></span> <span class='ocrx_word' id='word_1_201' title='bbox 816 2576 960 2640; x_wconf 86' lang='lat' dir='ltr'><strong>similiter</strong></span> <span class='ocrx_word' id='word_1_202' title='bbox 986 2579 1026 2639; x_wconf 85' lang='lat' dir='ltr'><strong>ab</strong></span> <span class='ocrx_word' id='word_1_203' title='bbox 1054 2582 1213 2644; x_wconf 86' lang='lat' dir='ltr'><strong>ecclesiae</strong></span> 
     </span>
     <span class='ocr_line' id='line_1_28' title="bbox 61 2658 1090 2742; baseline -0.002 -16"><span class='ocrx_word' id='word_1_204' title='bbox 61 2663 283 2728; x_wconf 76' lang='lat' dir='ltr'><strong>commuuione</strong></span> <span class='ocrx_word' id='word_1_205' title='bbox 304 2669 461 2739; x_wconf 87' lang='lat' dir='ltr'><strong>semotus,</strong></span> <span class='ocrx_word' id='word_1_206' title='bbox 481 2659 692 2721; x_wconf 78' lang='lat' dir='ltr'><strong>anathematis</strong></span> <span class='ocrx_word' id='word_1_207' title='bbox 708 2658 906 2722; x_wconf 82' lang='lat' dir='ltr'><strong>damnatione</strong></span> <span class='ocrx_word' id='word_1_208' title='bbox 926 2662 1090 2742; x_wconf 85' lang='lat' dir='ltr'><strong>plectatur.</strong></span> 
     </span>
    </p>
   </div>
   <div class='ocr_carea' id='block_1_7' title="bbox 202 2777 1080 2864">
    <p class='ocr_par' dir='ltr' id='par_1_7' title="bbox 202 2777 1080 2864">
     <span class='ocr_line' id='line_1_29' title="bbox 202 2777 1080 2864; baseline 0 -24"><span class='ocrx_word' id='word_1_209' title='bbox 202 2777 272 2842; x_wconf 93' lang='lat' dir='ltr'><strong>Vll.</strong></span> <span class='ocrx_word' id='word_1_210' title='bbox 309 2777 412 2844; x_wconf 87' lang='lat' dir='ltr'><strong>Nemo</strong></span> <span class='ocrx_word' id='word_1_211' title='bbox 432 2777 719 2858; x_wconf 68' lang='lat' dir='ltr'><strong>exommunicatus</strong></span> <span class='ocrx_word' id='word_1_212' title='bbox 739 2778 779 2839; x_wconf 85' lang='lat' dir='ltr'><strong>nd</strong></span> <span class='ocrx_word' id='word_1_213' title='bbox 800 2778 876 2841; x_wconf 82' lang='lat' dir='ltr'><strong>aliis</strong></span> <span class='ocrx_word' id='word_1_214' title='bbox 898 2778 1080 2864; x_wconf 82' lang='lat' dir='ltr'><strong>colligatur.</strong></span> 
     </span>
    </p>
   </div>
   <div class='ocr_carea' id='block_1_8' title="bbox 62 2877 1220 3452">
    <p class='ocr_par' dir='ltr' id='par_1_8' title="bbox 62 2877 1220 3452">
     <span class='ocr_line' id='line_1_30' title="bbox 152 2877 1214 2962; baseline 0.003 -22"><span class='ocrx_word' id='word_1_215' title='bbox 152 2877 197 2940; x_wconf 79' lang='lat' dir='ltr'><strong>Et</strong></span> <span class='ocrx_word' id='word_1_216' title='bbox 215 2877 288 2960; x_wconf 89' lang='lat' dir='ltr'><strong>quia</strong></span> <span class='ocrx_word' id='word_1_217' title='bbox 307 2878 464 2941; x_wconf 87' lang='lat' dir='ltr'><strong>universis</strong></span> <span class='ocrx_word' id='word_1_218' title='bbox 484 2877 700 2940; x_wconf 87' lang='lat' dir='ltr'><strong>sacerdotibus</strong></span> <span class='ocrx_word' id='word_1_219' title='bbox 720 2877 765 2940; x_wconf 90' lang='lat' dir='ltr'><strong>ita</strong></span> <span class='ocrx_word' id='word_1_220' title='bbox 787 2883 949 2961; x_wconf 89' lang='lat' dir='ltr'><strong>convenit,</strong></span> <span class='ocrx_word' id='word_1_221' title='bbox 977 2888 1012 2942; x_wconf 90' lang='lat' dir='ltr'><strong>ut</strong></span> <span class='ocrx_word' id='word_1_222' title='bbox 1032 2881 1061 2944; x_wconf 88' lang='lat' dir='ltr'><strong>si</strong></span> <span class='ocrx_word' id='word_1_223' title='bbox 1082 2879 1152 2962; x_wconf 91' lang='lat' dir='ltr'><strong>quis</strong></span> <span class='ocrx_word' id='word_1_224' title='bbox 1172 2880 1214 2943; x_wconf 90' lang='lat' dir='ltr'><strong>de</strong></span> 
     </span>
     <span class='ocr_line' id='line_1_31' title="bbox 62 2963 1215 3046; baseline 0.003 -21"><span class='ocrx_word' id='word_1_225' title='bbox 62 2964 103 3026; x_wconf 90' lang='lat' dir='ltr'><strong>iis</strong></span> <span class='ocrx_word' id='word_1_226' title='bbox 127 2983 148 3026; x_wconf 86' lang='lat' dir='ltr'><strong>a</strong></span> <span class='ocrx_word' id='word_1_227' title='bbox 169 2965 383 3037; x_wconf 88' lang='lat' dir='ltr'><strong>communione</strong></span> <span class='ocrx_word' id='word_1_228' title='bbox 409 2963 567 3026; x_wconf 89' lang='lat' dir='ltr'><strong>ecclesiae</strong></span> <span class='ocrx_word' id='word_1_229' title='bbox 592 2981 647 3042; x_wconf 89' lang='lat' dir='ltr'><strong>pro</strong></span> <span class='ocrx_word' id='word_1_230' title='bbox 672 2973 852 3045; x_wconf 87' lang='lat' dir='ltr'><strong>contemptu</strong></span> <span class='ocrx_word' id='word_1_231' title='bbox 881 2983 1033 3030; x_wconf 88' lang='lat' dir='ltr'><strong>canonum</strong></span> <span class='ocrx_word' id='word_1_232' title='bbox 1059 2973 1114 3041; x_wconf 84' lang='lat' dir='ltr'><strong>aut</strong></span> <span class='ocrx_word' id='word_1_233' title='bbox 1140 2986 1215 3046; x_wconf 84' lang='lat' dir='ltr'><strong>per-</strong></span> 
     </span>
     <span class='ocr_line' id='line_1_32' title="bbox 63 3047 1215 3148; baseline 0.002 -38"><span class='ocrx_word' id='word_1_234' title='bbox 63 3047 202 3110; x_wconf 86' lang='lat' dir='ltr'><strong>vasione</strong></span> <span class='ocrx_word' id='word_1_235' title='bbox 229 3067 329 3111; x_wconf 89' lang='lat' dir='ltr'><strong>remm</strong></span> <span class='ocrx_word' id='word_1_236' title='bbox 356 3047 643 3111; x_wconf 87' lang='lat' dir='ltr'><strong>ecclesiasticarum</strong></span> <span class='ocrx_word' id='word_1_237' title='bbox 671 3049 805 3128; x_wconf 88' lang='lat' dir='ltr'><strong>aliquem</strong></span> <span class='ocrx_word' id='word_1_238' title='bbox 839 3047 975 3112; x_wconf 86' lang='lat' dir='ltr'><strong>fortasse</strong></span> <span class='ocrx_word' id='word_1_239' title='bbox 1005 3049 1215 3148; x_wconf 87' lang='lat' dir='ltr'><strong>suspenderit,</strong></span> 
     </span>
     <span class='ocr_line' id='line_1_33' title="bbox 67 3133 1215 3234; baseline 0.002 -38"><span class='ocrx_word' id='word_1_240' title='bbox 67 3135 195 3196; x_wconf 86' lang='lat' dir='ltr'><strong>anullo</strong></span> <span class='ocrx_word' id='word_1_241' title='bbox 222 3135 347 3234; x_wconf 88' lang='lat' dir='ltr'><strong>penitus</strong></span> <span class='ocrx_word' id='word_1_242' title='bbox 370 3133 524 3211; x_wconf 88' lang='lat' dir='ltr'><strong>episcopo</strong></span> <span class='ocrx_word' id='word_1_243' title='bbox 550 3133 647 3212; x_wconf 88' lang='lat' dir='ltr'><strong>recipi</strong></span> <span class='ocrx_word' id='word_1_244' title='bbox 673 3143 896 3213; x_wconf 87' lang='lat' dir='ltr'><strong>praesumatur.</strong></span> <span class='ocrx_word' id='word_1_245' title='bbox 938 3133 1076 3212; x_wconf 82' lang='lat' dir='ltr'><strong>Quod</strong></span> <span class='ocrx_word' id='word_1_246' title='bbox 1049 3154 1078 3198; x_wconf 87' lang='grc' dir='ltr'><strong>ιι</strong></span> <span class='ocrx_word' id='word_1_247' title='bbox 1097 3137 1215 3200; x_wconf 80' lang='lat' dir='ltr'><strong>iactum</strong></span> 
     </span>
     <span class='ocr_line' id='line_1_34' title="bbox 66 3215 1220 3319; baseline 0.004 -40"><span class='ocrx_word' id='word_1_248' title='bbox 66 3219 185 3299; x_wconf 78' lang='lat' dir='ltr'><strong>inerit,</strong></span> <span class='ocrx_word' id='word_1_249' title='bbox 221 3220 249 3282; x_wconf 89' lang='lat' dir='ltr'><strong>is</strong></span> <span class='ocrx_word' id='word_1_250' title='bbox 275 3219 327 3299; x_wconf 89' lang='lat' dir='ltr'><strong>qni</strong></span> <span class='ocrx_word' id='word_1_251' title='bbox 355 3235 426 3280; x_wconf 87' lang='lat' dir='ltr'><strong>enm</strong></span> <span class='ocrx_word' id='word_1_252' title='bbox 456 3225 564 3298; x_wconf 81' lang='lat' dir='ltr'><strong>contra</strong></span> <span class='ocrx_word' id='word_1_253' title='bbox 591 3215 758 3280; x_wconf 87' lang='lat' dir='ltr'><strong>interdicta</strong></span> <span class='ocrx_word' id='word_1_254' title='bbox 784 3220 968 3319; x_wconf 84' lang='lat' dir='ltr'><strong>receperit,</strong></span> <span class='ocrx_word' id='word_1_255' title='bbox 983 3228 1016 3282; x_wconf 93' lang='lat' dir='ltr'><strong>et</strong></span> <span class='ocrx_word' id='word_1_256' title='bbox 1044 3240 1064 3283; x_wconf 86' lang='lat' dir='ltr'><strong>a</strong></span> <span class='ocrx_word' id='word_1_257' title='bbox 1089 3221 1220 3284; x_wconf 80' lang='lat' dir='ltr'><strong>fratrum</strong></span> 
     </span>
     <span class='ocr_line' id='line_1_35' title="bbox 66 3293 1220 3402; baseline 0.004 -38"><span class='ocrx_word' id='word_1_258' title='bbox 66 3322 195 3365; x_wconf 87' lang='lat' dir='ltr'><strong>suorum</strong></span> <span class='ocrx_word' id='word_1_259' title='bbox 223 3303 282 3364; x_wconf 90' lang='lat' dir='ltr'><strong>erit</strong></span> <span class='ocrx_word' id='word_1_260' title='bbox 309 3300 474 3365; x_wconf 91' lang='lat' dir='ltr'><strong>concordia</strong></span> <span class='ocrx_word' id='word_1_261' title='bbox 501 3293 666 3382; x_wconf 83' lang='lat' dir='ltr'><strong>separatus</strong></span> <span class='ocrx_word' id='word_1_262' title='bbox 695 3313 730 3366; x_wconf 90' lang='lat' dir='ltr'><strong>et</strong></span> <span class='ocrx_word' id='word_1_263' title='bbox 750 3307 870 3368; x_wconf 87' lang='lat' dir='ltr'><strong>aeterni</strong></span> <span class='ocrx_word' id='word_1_264' title='bbox 892 3303 1037 3402; x_wconf 78' lang='lat' dir='ltr'><strong>judicis</strong></span> <span class='ocrx_word' id='word_1_265' title='bbox 1029 3324 1061 3366; x_wconf 93' lang='lat' dir='ltr'><strong>m</strong></span> <span class='ocrx_word' id='word_1_266' title='bbox 1080 3303 1220 3377; x_wconf 70' lang='lat' dir='ltr'><strong>mimum</strong></span> 
     </span>
     <span class='ocr_line' id='line_1_36' title="bbox 66 3385 714 3452; baseline 0 -4"><span class='ocrx_word' id='word_1_267' title='bbox 66 3397 103 3450; x_wconf 91' lang='lat' dir='ltr'><strong>nt</strong></span> <span class='ocrx_word' id='word_1_268' title='bbox 126 3387 311 3452; x_wconf 87' lang='lat' dir='ltr'><strong>confidimus</strong></span> <span class='ocrx_word' id='word_1_269' title='bbox 328 3385 517 3449; x_wconf 87' lang='lat' dir='ltr'><strong>iracundiam</strong></span> <span class='ocrx_word' id='word_1_270' title='bbox 537 3389 714 3450; x_wconf 88' lang='lat' dir='ltr'><strong>sustinebit.</strong></span> 
     </span>
    </p>
   </div>
   <div class='ocr_carea' id='block_1_9' title="bbox 321 3501 965 3584">
    <p class='ocr_par' dir='ltr' id='par_1_9' title="bbox 321 3501 965 3584">
     <span class='ocr_line' id='line_1_37' title="bbox 321 3501 965 3584; baseline -0.008 -17"><span class='ocrx_word' id='word_1_271' title='bbox 321 3505 405 3568; x_wconf 88' lang='lat' dir='ltr'><strong>Vlll.</strong></span> <span class='ocrx_word' id='word_1_272' title='bbox 441 3503 500 3566; x_wconf 81' lang='lat' dir='ltr'><strong>De</strong></span> <span class='ocrx_word' id='word_1_273' title='bbox 520 3501 722 3564; x_wconf 77' lang='lat' dir='ltr'><strong>ordinatione</strong></span> <span class='ocrx_word' id='word_1_274' title='bbox 742 3504 965 3584; x_wconf 74' lang='lat' dir='ltr'><strong>episcoporum.</strong></span> 
     </span>
    </p>
   </div>
   <div class='ocr_carea' id='block_1_10' title="bbox 47 3602 1258 4460">
    <p class='ocr_par' dir='ltr' id='par_1_10' title="bbox 157 3602 1219 3688">
     <span class='ocr_line' id='line_1_38' title="bbox 157 3602 1219 3688; baseline -0.002 -20"><span class='ocrx_word' id='word_1_275' title='bbox 157 3607 202 3668; x_wconf 82' lang='lat' dir='ltr'><strong>llt</strong></span> <span class='ocrx_word' id='word_1_276' title='bbox 228 3607 300 3686; x_wconf 88' lang='lat' dir='ltr'><strong>quia</strong></span> <span class='ocrx_word' id='word_1_277' title='bbox 327 3603 359 3666; x_wconf 89' lang='lat' dir='ltr'><strong>in</strong></span> <span class='ocrx_word' id='word_1_278' title='bbox 384 3603 537 3688; x_wconf 87' lang='lat' dir='ltr'><strong>aliquibus</strong></span> <span class='ocrx_word' id='word_1_279' title='bbox 563 3602 659 3664; x_wconf 84' lang='lat' dir='ltr'><strong>rebus</strong></span> <span class='ocrx_word' id='word_1_280' title='bbox 687 3603 882 3665; x_wconf 87' lang='lat' dir='ltr'><strong>consuetudo</strong></span> <span class='ocrx_word' id='word_1_281' title='bbox 914 3602 1018 3683; x_wconf 88' lang='lat' dir='ltr'><strong>prisca</strong></span> <span class='ocrx_word' id='word_1_282' title='bbox 1047 3603 1219 3686; x_wconf 84' lang='lat' dir='ltr'><strong>negligitur</strong></span> 
     </span>
    </p>

    <p class='ocr_par' dir='ltr' id='par_1_11' title="bbox 47 3686 1258 4450">
     <span class='ocr_line' id='line_1_39' title="bbox 71 3686 1218 3786; baseline -0.003 -34"><span class='ocrx_word' id='word_1_283' title='bbox 71 3708 111 3754; x_wconf 86' lang='lat' dir='ltr'><strong>ac</strong></span> <span class='ocrx_word' id='word_1_284' title='bbox 135 3691 264 3752; x_wconf 85' lang='lat' dir='ltr'><strong>decreta</strong></span> <span class='ocrx_word' id='word_1_285' title='bbox 284 3707 435 3751; x_wconf 91' lang='lat' dir='ltr'><strong>canonum</strong></span> <span class='ocrx_word' id='word_1_286' title='bbox 456 3689 626 3766; x_wconf 87' lang='lat' dir='ltr'><strong>violantur,</strong></span> <span class='ocrx_word' id='word_1_287' title='bbox 651 3688 771 3766; x_wconf 85' lang='lat' dir='ltr'><strong>placuit</strong></span> <span class='ocrx_word' id='word_1_288' title='bbox 790 3697 826 3750; x_wconf 89' lang='lat' dir='ltr'><strong>ut</strong></span> <span class='ocrx_word' id='word_1_289' title='bbox 843 3686 937 3767; x_wconf 88' lang='lat' dir='ltr'><strong>juxta</strong></span> <span class='ocrx_word' id='word_1_290' title='bbox 957 3689 1118 3786; x_wconf 82' lang='lat' dir='ltr'><strong>antiquam</strong></span> <span class='ocrx_word' id='word_1_291' title='bbox 1138 3707 1218 3750; x_wconf 88' lang='lat' dir='ltr'><strong>con-</strong></span> 
     </span>
     <span class='ocr_line' id='line_1_40' title="bbox 71 3771 1219 3837; baseline -0.002 0"><span class='ocrx_word' id='word_1_292' title='bbox 71 3776 267 3837; x_wconf 87' lang='lat' dir='ltr'><strong>suetudinem</strong></span> <span class='ocrx_word' id='word_1_293' title='bbox 288 3792 440 3837; x_wconf 85' lang='lat' dir='ltr'><strong>canonum</strong></span> <span class='ocrx_word' id='word_1_294' title='bbox 462 3772 590 3834; x_wconf 86' lang='lat' dir='ltr'><strong>decreta</strong></span> <span class='ocrx_word' id='word_1_295' title='bbox 608 3780 782 3834; x_wconf 86' lang='lat' dir='ltr'><strong>serventur.</strong></span> <span class='ocrx_word' id='word_1_296' title='bbox 823 3773 937 3836; x_wconf 89' lang='lat' dir='ltr'><strong>Nullus</strong></span> <span class='ocrx_word' id='word_1_297' title='bbox 960 3773 1084 3834; x_wconf 89' lang='lat' dir='ltr'><strong>civibus</strong></span> <span class='ocrx_word' id='word_1_298' title='bbox 1109 3771 1219 3836; x_wconf 88' lang='lat' dir='ltr'><strong>invitis</strong></span> 
     </span>
     <span class='ocr_line' id='line_1_41' title="bbox 73 3855 1220 3958; baseline 0.003 -40"><span class='ocrx_word' id='word_1_299' title='bbox 73 3859 230 3922; x_wconf 87' lang='lat' dir='ltr'><strong>ordinetur</strong></span> <span class='ocrx_word' id='word_1_300' title='bbox 246 3860 415 3958; x_wconf 88' lang='lat' dir='ltr'><strong>episcopus</strong></span> <span class='ocrx_word' id='word_1_301' title='bbox 428 3857 488 3918; x_wconf 89' lang='lat' dir='ltr'><strong>nisi</strong></span> <span class='ocrx_word' id='word_1_302' title='bbox 501 3875 594 3937; x_wconf 91' lang='lat' dir='ltr'><strong>quem</strong></span> <span class='ocrx_word' id='word_1_303' title='bbox 608 3855 714 3955; x_wconf 89' lang='lat' dir='ltr'><strong>populi</strong></span> <span class='ocrx_word' id='word_1_304' title='bbox 728 3868 761 3918; x_wconf 88' lang='lat' dir='ltr'><strong>et</strong></span> <span class='ocrx_word' id='word_1_305' title='bbox 774 3857 955 3920; x_wconf 87' lang='lat' dir='ltr'><strong>clericorum</strong></span> <span class='ocrx_word' id='word_1_306' title='bbox 969 3857 1082 3919; x_wconf 88' lang='lat' dir='ltr'><strong>electio</strong></span> <span class='ocrx_word' id='word_1_307' title='bbox 1098 3858 1220 3937; x_wconf 80' lang='lat' dir='ltr'><strong>plenis·-</strong></span> 
     </span>
     <span class='ocr_line' id='line_1_42' title="bbox 47 3941 1258 4040; baseline 0 -36"><span class='ocrx_word' id='word_1_308' title='bbox 47 4013 50 4020; x_wconf 44' lang='grc'>,</span> <span class='ocrx_word' id='word_1_309' title='bbox 73 3945 154 4006; x_wconf 88' lang='lat' dir='ltr'><strong>sima</strong></span> <span class='ocrx_word' id='word_1_310' title='bbox 168 3944 338 4026; x_wconf 88' lang='lat' dir='ltr'><strong>quaesierit</strong></span> <span class='ocrx_word' id='word_1_311' title='bbox 348 3943 523 4003; x_wconf 87' lang='lat' dir='ltr'><strong>voluntate.</strong></span> <span class='ocrx_word' id='word_1_312' title='bbox 544 3961 605 4002; x_wconf 91' lang='lat' dir='ltr'><strong>non</strong></span> <span class='ocrx_word' id='word_1_313' title='bbox 619 3943 766 4037; x_wconf 79' lang='lat' dir='ltr'><strong>principis</strong></span> <span class='ocrx_word' id='word_1_314' title='bbox 778 3941 906 4023; x_wconf 90' lang='lat' dir='ltr'><strong>imperio</strong></span> <span class='ocrx_word' id='word_1_315' title='bbox 920 3960 1022 4022; x_wconf 88' lang='lat' dir='ltr'><strong>neque</strong></span> <span class='ocrx_word' id='word_1_316' title='bbox 1035 3960 1092 4040; x_wconf 88' lang='lat' dir='ltr'><strong>per</strong></span> <span class='ocrx_word' id='word_1_317' title='bbox 1106 3962 1219 4023; x_wconf 85' lang='lat' dir='ltr'><strong>quam·</strong></span> <span class='ocrx_word' id='word_1_318' title='bbox 1255 3971 1258 3980; x_wconf 52' lang='lat'><strong><em>⁴</em></strong></span> 
     </span>
     <span class='ocr_line' id='line_1_43' title="bbox 72 4023 1219 4110; baseline 0.002 -22"><span class='ocrx_word' id='word_1_319' title='bbox 72 4027 149 4090; x_wconf 88' lang='lat' dir='ltr'><strong>libet</strong></span> <span class='ocrx_word' id='word_1_320' title='bbox 169 4028 376 4090; x_wconf 90' lang='lat' dir='ltr'><strong>conditionem</strong></span> <span class='ocrx_word' id='word_1_321' title='bbox 396 4035 504 4088; x_wconf 85' lang='lat' dir='ltr'><strong>contra</strong></span> <span class='ocrx_word' id='word_1_322' title='bbox 523 4023 741 4105; x_wconf 90' lang='lat' dir='ltr'><strong>metropolis</strong></span> <span class='ocrx_word' id='word_1_323' title='bbox 720 4027 912 4087; x_wconf 85' lang='lat' dir='ltr'><strong>voluntatem</strong></span> <span class='ocrx_word' id='word_1_324' title='bbox 927 4028 978 4087; x_wconf 91' lang='lat' dir='ltr'><strong>vel</strong></span> <span class='ocrx_word' id='word_1_325' title='bbox 1000 4027 1219 4110; x_wconf 88' lang='lat' dir='ltr'><strong>episcopomm</strong></span> 
     </span>
     <span class='ocr_line' id='line_1_44' title="bbox 74 4107 1217 4194; baseline 0 -20"><span class='ocrx_word' id='word_1_326' title='bbox 74 4113 378 4193; x_wconf 82' lang='lat' dir='ltr'><strong>comprovincialium</strong></span> <span class='ocrx_word' id='word_1_327' title='bbox 404 4112 571 4193; x_wconf 85' lang='lat' dir='ltr'><strong>ingeratur.</strong></span> <span class='ocrx_word' id='word_1_328' title='bbox 612 4109 703 4187; x_wconf 81' lang='lat' dir='ltr'><strong>Quod</strong></span> <span class='ocrx_word' id='word_1_329' title='bbox 726 4112 754 4172; x_wconf 90' lang='lat' dir='ltr'><strong>si</strong></span> <span class='ocrx_word' id='word_1_330' title='bbox 773 4131 828 4191; x_wconf 92' lang='lat' dir='ltr'><strong>per</strong></span> <span class='ocrx_word' id='word_1_331' title='bbox 848 4107 1071 4173; x_wconf 89' lang='lat' dir='ltr'><strong>ordinationem</strong></span> <span class='ocrx_word' id='word_1_332' title='bbox 1098 4113 1217 4194; x_wconf 84' lang='lat' dir='ltr'><strong>regiam</strong></span> 
     </span>
     <span class='ocr_line' id='line_1_45' title="bbox 75 4193 1218 4279; baseline -0.001 -21"><span class='ocrx_word' id='word_1_333' title='bbox 75 4195 200 4260; x_wconf 91' lang='lat' dir='ltr'><strong>honoris</strong></span> <span class='ocrx_word' id='word_1_334' title='bbox 219 4197 312 4260; x_wconf 88' lang='lat' dir='ltr'><strong>istius</strong></span> <span class='ocrx_word' id='word_1_335' title='bbox 338 4195 461 4258; x_wconf 88' lang='lat' dir='ltr'><strong>culmen</strong></span> <span class='ocrx_word' id='word_1_336' title='bbox 488 4193 660 4275; x_wconf 86' lang='lat' dir='ltr'><strong>pervadere</strong></span> <span class='ocrx_word' id='word_1_337' title='bbox 681 4196 793 4276; x_wconf 88' lang='lat' dir='ltr'><strong>aliquis</strong></span> <span class='ocrx_word' id='word_1_338' title='bbox 814 4194 907 4257; x_wconf 89' lang='lat' dir='ltr'><strong>nimia</strong></span> <span class='ocrx_word' id='word_1_339' title='bbox 927 4199 1102 4260; x_wconf 85' lang='lat' dir='ltr'><strong>temeritate</strong></span> <span class='ocrx_word' id='word_1_340' title='bbox 1123 4214 1218 4279; x_wconf 86' lang='lat' dir='ltr'><strong>prae-</strong></span> 
     </span>
     <span class='ocr_line' id='line_1_46' title="bbox 76 4277 1217 4363; baseline 0 -21"><span class='ocrx_word' id='word_1_341' title='bbox 76 4281 265 4363; x_wconf 90' lang='lat' dir='ltr'><strong>sumpserit,</strong></span> <span class='ocrx_word' id='word_1_342' title='bbox 299 4299 320 4342; x_wconf 82' lang='grc' dir='ltr'><strong>ι</strong></span> <span class='ocrx_word' id='word_1_343' title='bbox 351 4279 663 4360; x_wconf 87' lang='lat' dir='ltr'><strong>comprovincialibus</strong></span> <span class='ocrx_word' id='word_1_344' title='bbox 697 4279 797 4342; x_wconf 90' lang='lat' dir='ltr'><strong>loci</strong></span> <span class='ocrx_word' id='word_1_345' title='bbox 788 4277 889 4360; x_wconf 77' lang='lat' dir='ltr'><strong>ipsius</strong></span> <span class='ocrx_word' id='word_1_346' title='bbox 921 4281 1090 4360; x_wconf 90' lang='lat' dir='ltr'><strong>episcopus</strong></span> <span class='ocrx_word' id='word_1_347' title='bbox 1120 4281 1217 4361; x_wconf 86' lang='lat' dir='ltr'><strong>recipi</strong></span> 
     </span>
     <span class='ocr_line' id='line_1_47' title="bbox 77 4361 1225 4460; baseline 0.003 -34"><span class='ocrx_word' id='word_1_348' title='bbox 77 4368 251 4429; x_wconf 83' lang='lat' dir='ltr'><strong>nullatenus</strong></span> <span class='ocrx_word' id='word_1_349' title='bbox 275 4373 444 4460; x_wconf 84' lang='lat' dir='ltr'><strong>mereatur,</strong></span> <span class='ocrx_word' id='word_1_350' title='bbox 469 4381 562 4443; x_wconf 88' lang='lat' dir='ltr'><strong>quem</strong></span> <span class='ocrx_word' id='word_1_351' title='bbox 587 4361 727 4426; x_wconf 86' lang='lat' dir='ltr'><strong>indebite</strong></span> <span class='ocrx_word' id='word_1_352' title='bbox 754 4363 925 4428; x_wconf 86' lang='lat' dir='ltr'><strong>ordinatum</strong></span> <span class='ocrx_word' id='word_1_353' title='bbox 951 4374 1137 4450; x_wconf 77' lang='lat' dir='ltr'><strong>agnoscunt.</strong></span> <span class='ocrx_word' id='word_1_354' title='bbox 1180 4366 1225 4430; x_wconf 78' lang='lat' dir='ltr'><strong>si·</strong></span> 
     </span>
    </p>
   </div>
   <div class='ocr_carea' id='block_1_11' title="bbox 77 4503 273 4519">
    <p class='ocr_par' dir='ltr' id='par_1_12' title="bbox 77 4503 273 4519">
     <span class='ocr_line' id='line_1_48' title="bbox 77 4503 273 4519; baseline 0.005 -2"><span class='ocrx_word' id='word_1_355' title='bbox 77 4503 273 4519; x_wconf 55' lang='lat' dir='ltr'><strong>ffl-</strong></span> 
     </span>
    </p>
   </div>
   <div class='ocr_carea' id='block_1_12' title="bbox 118 4553 509 4652">
    <p class='ocr_par' dir='ltr' id='par_1_13' title="bbox 118 4553 509 4652">
     <span class='ocr_line' id='line_1_49' title="bbox 118 4553 509 4652; baseline -0.013 -17"><span class='ocrx_word' id='word_1_356' title='bbox 118 4583 145 4652; x_wconf 86' lang='grc' dir='ltr'><strong>Ι)</strong></span> <span class='ocrx_word' id='word_1_357' title='bbox 163 4591 289 4635; x_wconf 76' lang='lat' dir='ltr'><strong>obsitam</strong></span> <span class='ocrx_word' id='word_1_358' title='bbox 305 4578 371 4646; x_wconf 79' lang='lat' dir='ltr'><strong>Reg.</strong></span> <span class='ocrx_word' id='word_1_359' title='bbox 388 4597 412 4632; x_wconf 82' lang='lat' dir='ltr'><strong>s.</strong></span> <span class='ocrx_word' id='word_1_360' title='bbox 447 4611 481 4621; x_wconf 90' lang='lat'>-</span> <span class='ocrx_word' id='word_1_361' title='bbox 504 4553 509 4560; x_wconf 37' lang='lat'>&#39;</span> 
     </span>
    </p>
   </div>
   <div class='ocr_carea' id='block_1_13' title="bbox 0 0 1446 5040">
    <p class='ocr_par' dir='ltr' id='par_1_14' title="bbox 0 0 1446 5040">
     <span class='ocr_line' id='line_1_50' title="bbox 0 0 1446 5040; baseline 0 0"><span class='ocrx_word' id='word_1_362' title='bbox 0 0 1446 5040; x_wconf 95' lang='lat' dir='ltr'><strong> </strong></span> 
     </span>
    </p>
   </div>
  </div>
 </body>
</html>
