2864 5042
508 253 589 316 sun
616 249 802 315 rnuxnro.
871 236 874 241 ’
1167 250 1232 317 aar
1344 201 1345 204 Ὺ

74 441 198 507 scopus
219 419 330 486 dixit:
346 423 499 504 Acceptis
515 441 603 503 onae
631 423 762 486 recitata
788 430 881 503 mint,
911 421 952 486 de
978 422 1122 494 amnibus
1147 442 1230 487 nunc

74 513 191 575 fratres
223 508 382 591 speciales
411 509 587 572 sententias
620 507 679 571 deo
711 509 803 572 vobis
840 505 1011 588 inspirante
1049 507 1230 591 depromite.

74 597 239 659 Maxinrus
253 595 423 675 episcopus
438 595 599 657 ecchsiae
615 595 792 657 Tarninatis
807 593 839 673 Ι)
848 594 946 656 dixit:
967 596 1003 656 ln
1017 593 1231 658 custodiendis

75 683 222 744 omnibus
248 698 331 761 quae
364 679 403 740 ad
436 697 545 743 sacras
574 677 786 742 ordinationes
813 681 971 760 pertinent
998 678 1171 761 disciplinis
1185 679 1230 760 ²),

75 768 191 830 melius
220 765 399 830 sententiae
431 785 522 826 meae
552 763 746 844 professione
781 765 928 827 denuntio
944 765 999 850 ³),
1033 767 1108 827 nihil
1134 785 1153 827 a
1179 785 1230 840 me

73 869 214 936 unquam
236 863 445 932 eorumquae
467 851 618 931 prohibita
637 860 712 912 sunt
734 867 808 913 asse
829 850 1023 931 laniandum
1047 851 1091 913 de
1104 852 1230 932 reliquis

73 955 215 1018 ceramo,
241 946 281 1000 nt
296 937 444 1018 quisquis
464 934 540 998 talia
556 937 670 998 fecerit
691 937 746 998 a‘ut
767 936 896 998 detecta
917 937 948 996 in
971 937 1119 999 ecclesiis
1138 956 1231 999 rese-

76 1044 154 1088 care
182 1023 330 1102 noluerit,
360 1040 399 1084 se
434 1039 551 1104 graues
575 1035 694 1084 causas
719 1020 752 1083 in
775 1021 972 1102 apostolicae
999 1021 1087 1084 sedis
1110 1021 1230 1102 judicio

73 1108 266 1175 redditurum
289 1109 322 1170 iu
337 1126 398 1188 qno
420 1107 463 1170 illi
483 1125 619 1172 necessa
641 1108 699 1170 erit
720 1106 824 1172 subire
845 1105 1044 1170 sententiam.
1070 1111 1230 1190 ingenuus

76 1192 250 1276 episcopus
267 1154 502 1255 hibredunensis
524 1187 618 1255 dixit:
647 1189 726 1253 Mihi
747 1209 870 1274 quoque
893 1192 1004 1254 eadem
1027 1191 1066 1254 de
1088 1193 1230 1256 omnibus

72 1279 219 1361 partibus
240 1280 396 1340 sententia
416 1287 467 1339 ert
488 1297 550 1360 qun
570 1294 623 1339 me
644 1275 758 1358 ipsef)
781 1279 973 1360 constringo,
995 1297 1036 1340 ne
1056 1279 1129 1360 quid
1145 1298 1163 1340 a
1178 1298 1229 1342 me

72 1383 213 1448 unquam
236 1363 275 1425 de
296 1363 346 1425 his
369 1381 450 1446 quae
473 1374 545 1426 sunt
566 1361 733 1425 interdicta
754 1369 902 1443 tentetur,
924 1365 996 1444 quia
1016 1365 1090 1425 novi
1111 1372 1228 1426 statum

76 1461 113 1513 et
140 1450 365 1532 professionem
391 1469 512 1531 meam3
544 1448 584 1512 de
612 1449 727 1511 ceteris
749 1449 844 1510 etiam
866 1467 1000 1530 censeo,
1029 1457 1065 1511 ut
1086 1447 1228 1531 quisquis

75 1543 266 1598 statutorum
284 1542 501 1618 transgressor
521 1532 669 1614 extiterit,
690 1529 773 1610 sciat
787 1551 824 1596 se
840 1534 1079 1596 ecclesiasticae
1098 1537 1227 1616 regulae

73 1615 203 1702 laqueis
224 1617 363 1682 innodari
384 1630 417 1681 et
431 1629 550 1682 reatum
565 1619 758 1702 apostolicae
773 1619 859 1681 sedis
873 1620 1035 1682 incurrere.
1063 1621 1181 1682 Paulus
1193 1618 1227 1698 ³)

78 1705 248 1790 episcopus
268 1706 476 1787 Aquaevivae
498 1705 595 1768 dixit:
629 1705 701 1788 Ego
723 1721 847 1786 quoque
869 1706 961 1774 simili
980 1723 1031 1790 me
1052 1706 1126 1786 lege
1147 1724 1228 1767 oon-

75 1793 208 1875 stringo,
225 1799 259 1853 et
280 1791 320 1853 de
342 1792 465 1853 clericis
486 1789 537 1872 qui
559 1799 811 1874 transgressores
832 1791 944 1851 fuerint
964 1790 1078 1870 pariter
1099 1808 1227 1870 censeo,

73 1884 118 1938 ne
139 1877 178 1939 iis
199 1878 268 1938 sine
285 1875 426 1958 periculo
449 1877 497 1938 sui
519 1874 685 1957 quidquam
706 1876 771 1938 tale
793 1883 916 1936 tentare
936 1876 1030 1936 liceat
1053 1874 1135 1956 quod
1153 1893 1227 1936 me-

72 1963 136 2024 ritc
168 1962 284 2024 debeat
312 1960 470 2024 vindicari.
522 1962 646 2023 Primus
677 1961 846 2040 episeopus
876 1960 1032 2022 ecclesiae
1058 1961 1227 2021 Atellanae

73 2047 172 2111 dinit':
199 2047 273 2109 lluc
288 2055 328 2110 ’et
347 2065 419 2130 ego
438 2051 556 2110 cenam
581 2045 822 2121 'observandum
869 2044 1029 2108 Palladius
1054 2043 1227 2126 episcopus

75 2133 236 2196 ecclesiae
266 2130 436 2214 Salpinatis
464 2132 562 2194 dixit:
595 2132 682 2194 Nihil
700 2150 753 2192 me
774 2139 883 2193 contra
903 2127 1096 2210 disciplinam
1118 2132 1227 2194 ecele-

73 2219 238 2282 siash'cam
257 2219 311 2278 vel
338 2226 458 2281 statuta
483 2223 664 2280 sanatorum
690 2235 841 2279 canonum
865 2215 1017 2278 facturum
1039 2235 1113 2279 essa
1133 2217 1227 2298 polli-

32 2352 58 2384 x
73 2315 158 2367 cem.
200 2302 343 2366 'liberius
363 2305 533 2384 episcopus
554 2303 711 2366 ecclesiae
733 2302 919 2365 Sabinensis
946 2301 1043 2364 dixit:
1073 2303 1225 2366 Profiteor

72 2409 127 2452 me
148 2397 277 2454 samaa
302 2388 610 2469 sedisapostolicae
638 2389 670 2448 in
699 2389 840 2450 omnibus
870 2387 1046 2470 custodire,
1079 2397 1112 2450 et
1139 2391 1168 2450 si
1194 2391 1226 2452 in

72 2475 215 2540 ecclesia
246 2493 319 2537 maa
345 2475 525 2538 clericorum
553 2475 688 2555 aliquam
714 2481 824 2534 oontm
850 2482 1023 2554 praecepta
1048 2482 1225 2536 sanctorum

74 2579 226 2625 monum
241 2560 475 2641 deprehendero
491 2568 546 2622 aut
560 2559 720 2620 mulierem
735 2557 866 2620 duxisse
887 2565 944 2620 aut
965 2557 1044 2622 duas
1065 2559 1225 2638 haberal)

74 2663 208 2727 uxores,
222 2647 268 2708 :ab
290 2647 510 2709 ecuhsimtieo
532 2644 634 2708 officio
657 2644 805 2724 separari.
1044 2662 1046 2665 ·

157 2765 208 2827 Ab
243 2761 399 2826 universis
434 2762 592 2847 episcopis
626 2760 743 2825 dictum
777 2767 845 2824 est:
884 2761 1069 2824 sententias
1099 2761 1225 2823 fratrum

75 2867 185 2912 omnes
206 2848 377 2932 sequimur,
405 2867 517 2913 omnes
539 2848 755 2912 confirmamus
777 2855 811 2908 et
833 2847 1047 2910 observandas
1069 2865 1143 2908 esse
1166 2846 1225 2908 de-

72 2936 237 2997 cernimus.
295 2935 419 2999 Exaudi
450 2935 596 2998 Christe!
629 2933 735 2996 Hilaro
763 2933 848 2995 vita!
882 2931 1000 2996 dietum
1029 2940 1079 2994 est
1107 2931 1225 2995 sexies.

70 3018 165 3098 Quae
183 3021 266 3082 male
287 3021 426 3083 admissa
446 3030 521 3083 sunt
541 3027 649 3100 perte
673 3015 881 3100 corrigantur!
904 3017 1020 3082 dictum
1043 3026 1094 3080 est
1113 3015 1224 3080 octies.

72 3103 167 3182 Quod
186 3125 247 3166 non
268 3105 346 3169 licet
366 3124 428 3168 non
448 3105 521 3188 liat!
543 3103 661 3168 dictum
683 3112 734 3166 est
755 3103 866 3166 octies.
907 3105 1032 3166 llilarus
1055 3104 1225 3186 episcopus

73 3190 231 3252 ecclesiae
251 3190 336 3254 urbis
352 3191 474 3255 Romae
496 3190 616 3275 synodo
638 3189 822 3272 praesidens
838 3189 934 3252 dixit:
956 3188 1109 3267 Quoniam
1129 3209 1225 3273 prae-

72 3275 175 3338 sentis
197 3269 384 3364 delinitionis
402 3279 548 3358 formam,
576 3293 657 3358 quae
686 3275 859 3338 secundum
881 3285 1060 3338 sanctorum
1082 3284 1132 3336 est
1153 3282 1224 3336 sta-

68 3367 142 3422 tuta
168 3359 357 3427 sententiam
369 3409 379 3444 ,
413 3364 443 3424 in
477 3360 612 3425 omnium
645 3361 849 3423 ecclesiarum
886 3356 1028 3421 notitiam
1060 3360 1225 3440 pervenire

68 3445 294 3530 decernimus2
314 3467 355 3510 ne
376 3449 519 3531 culquam
541 3467 595 3528 pro
617 3444 667 3508 sui
688 3445 789 3526 possit
809 3443 1003 3527 ignoratione
1024 3443 1119 3506 licere
1141 3441 1225 3528 qnod

68 3529 246 3615 nonlicet,
278 3533 372 3597 edere
392 3543 488 3618 gesta
508 3530 695 3596 notariorum
715 3526 893 3593 sollicitudo
914 3527 1043 3593 curabit.

68 3703 269 3724 m

113 3821 142 3890 Ι)
163 3829 305 3874 Toni-ttoni:
321 3824 387 3876 Luc.
405 3837 519 3892 semper.
570 3803 605 3862 '..
664 3823 695 3889 ²)
712 3840 802 3876 aomos
823 3829 988 3876 ordinationis
1004 3830 1227 3885 permortuam.

105 3957 108 3960 ¹
136 3897 229 3952 minora
252 3891 281 3944 in
300 3907 382 3956 marg.
400 3891 437 3945 Μ.
488 3922 523 3932 -
583 3891 612 3959 ³)
630 3899 737 3946 divinato
755 3895 836 3957 Luc,
860 3899 949 3958 derivato
967 3893 995 3944 in
1014 3909 1096 3958 marg.
1114 3893 1151 3946 Μ.
1186 3924 1222 3934 -

103 3959 281 4028 14Νινειιηιῑιι
298 3975 380 4027 marg.
397 3963 434 4014 Μ’.
468 3990 503 4001 -
546 3961 574 4030 ⁸)
594 3968 714 4015 Pauliana
732 3963 796 4016 ibid.
832 3991 867 4002 -·-
910 3966 940 4030 θ)
959 3971 1074 4016 boboam
1091 3962 1156 4016 ibid.
1186 3992 1221 4002 -

479 4267 806 4278 m
