2868 5040
1416 47 1419 266 Ι

215 250 283 321 idi
520 247 1065 322 ,annemundum

217 425 401 502 fluentes,
428 426 535 488 leues
561 420 629 490 aab·
647 419 772 489 obbatis
799 409 970 504 poestua'
1060 427 1146 492 nte
1166 420 1286 496 babote
1310 426 1385 488 eet-

218 508 301 572 totns
320 507 544 586 pemittentur.
577 507 754 574 Abbstibus
774 529 901 591 quoque
921 505 1034 590 singu·
1076 501 1222 573 diversas
1242 507 1385 572 cellulas

218 601 276 656 eut
305 593 393 672 plara
420 594 611 660 monueris
640 594 757 658 bebere
782 613 845 662 oce
871 595 985 674 liceat,
1013 593 1075 656 nisi
1101 602 1222 656 tentum
1248 606 1385 678 prepter

215 679 377 744 naussum
396 677 579 746 hostilitatis
593 677 627 755 ι)
648 679 730 742 intra
750 697 856 750 muros
875 678 1077 760 receptacula
1098 678 1263 742 collucere.

367 795 520 863 XXXIX.
565 796 608 859 Ut
630 796 741 859 elerici
759 797 922 880 nuptialia
942 799 1047 862 vitant
1066 798 1224 860 ennae.

303 897 501 982 Presbyteri,
536 897 704 980 diacones,
740 898 969 979 subdiacones,
999 885 1053 960 vel
1081 896 1232 980 deinceps
1264 897 1382 982 quibus

221 982 357 1048 ducendi
382 1004 499 1048 uxores
526 984 661 1048 licentia·
682 1003 744 1046 nou
773 994 845 1066 est,
880 986 975 1047 etiam
1003 985 1172 1049 alienamm
1198 987 1380 1066 nuptiarum

221 1070 344 1132 evitent
365 1069 527 1152 convivia,
557 1089 618 1134 nec
645 1069 695 1132 his
716 1071 861 1132 coetibus
882 1069 1112 1134 admisceantur
1139 1067 1193 1132 ubi
1222 1068 1381 1134 amatoria

219 1162 386 1220 canuntur
412 1163 448 1218 et
474 1158 592 1238 turpia,
620 1163 676 1218 aut
704 1155 854 1218 obscoeni
883 1163 987 1218 motus
1016 1173 1177 1236 corpomm
1206 1155 1317 1237 choris
1346 1163 1378 1216 et

218 1237 402 1322 saltibus²)
429 1241 617 1306 efferuntur:
651 1260 692 1302 ne
719 1238 844 1302 auditus
873 1248 906 1301 et
931 1242 1061 1302 obtutus
1086 1240 1185 1302 sacris
1213 1241 1378 1323 mysteriis

220 1325 382 1406 deputati,
418 1323 552 1409 turpium
576 1326 830 1406 spectaculomm
861 1334 958 1408 atquc
988 1324 1153 1390 verborum
1183 1327 1378 1410 contagione

219 1411 393 1492 polluantur
407 1409 452 1489 ⁸).
866 1451 870 1458 -

338 1495 408 1557 Xla
428 1491 480 1559 Ne
498 1493 676 1558 Obsistioni
688 1495 879 1559 Judoeorum
893 1502 1028 1560 utuntur
1042 1497 1197 1560 conuiuiis
1211 1493 1258 1574 Ι).

300 1592 425 1660 Omnes
441 1595 592 1678 deinceps
613 1597 718 1662 clerici
738 1599 809 1660 sive
829 1597 900 1661 laici
919 1599 1112 1661 Judaeomm
1133 1598 1284 1660 eonvima
1306 1595 1377 1658 evi-

220 1687 290 1743 tent
334 1701 396 1744 nee
422 1701 480 1745 ecs
507 1683 548 1745 ad
576 1682 756 1746 convivium
783 1685 946 1766 quisquam
960 1682 994 1762 8)
1022 1684 1179 1764 excipiat3
1204 1684 1376 1763 quiscum

220 1726 306 1849 apud
325 1765 521 1830 Christianos
542 1765 621 1831 cibis
641 1770 856 1831 communibus
876 1788 938 1830 non
958 1777 1084 1831 utantur
1094 1814 1104 1849 ,
1131 1767 1295 1850 indignum
1325 1773 1375 1827 est

221 1860 317 1934 atque
338 1853 527 1937 sacrilegum
549 1872 655 1916 ecmm
676 1855 764 1917 eibos
787 1853 1007 1918 aChristianis
1028 1853 1117 1934 sumi,
1140 1871 1211 1916 eum
1230 1873 1273 1914 ea
1295 1870 1374 1932 quae

221 1939 364 2020 apostolo
392 1940 590 2019 permittente
611 1957 670 2002 nos
692 1939 842 2002 sumimus
864 1939 985 2024 abillis
1007 1937 1188 2018 J'udicentur
1207 1937 1372 2012 immunda,

221 2025 329 2087 eosic
353 2021 516 2088 interiores
542 2025 692 2105 incipiant
721 2044 795 2090 esse
818 2023 988 2088 Christiani
1002 2023 1036 2102 ⁸)
1066 2042 1158 2105 quam
1178 2023 1319 2101 sudaei,
1347 2020 1373 2081 si

217 2125 279 2170 nos
304 2127 387 2191 quae
413 2108 453 2172 ab
482 2109 543 2173 illis
563 2119 760 2192 apponuntur
779 2119 921 2191 utamur,
950 2107 992 2172 illi
1012 2128 1089 2172 vero
1110 2129 1130 2172 a
1152 2109 1245 2173 nobis
1266 2109 1371 2171 oblata

219 2199 429 2256 contemnant.

151 2289 155 2294 ·
431 2275 514 2339 ΧΙᾸ.
561 2277 604 2346 Ut
625 2299 646 2340 u
667 2279 791 2342 clericis
813 2283 934 2342 vitetur
949 2277 983 2358 l)
1010 2282 1156 2344 ebrietas.

303 2361 389 2424 Ante
416 2364 564 2428 omnies
594 2363 717 2427 clericis
748 2363 865 2428 vitetur
880 2366 914 2444 1)
943 2367 1097 2448 ebrietas,
1125 2382 1208 2446 quae
1236 2365 1370 2426 omnium

219 2445 365 2510 vitiomm
385 2448 487 2511 fomes
509 2467 549 2511 ae
568 2447 673 2520 nutrix
694 2458 754 2515 est.
795 2451 906 2531 ltaque
928 2471 1000 2513 eum
1021 2470 1114 2535 quem
1135 2451 1253 2532 ebrium
1275 2451 1371 2512 brisso

220 2533 414 2616 constiterit,
440 2544 483 2606 ut,
497 2534 572 2597 ordo
592 2536 724 2617 patitur,
752 2545 808 2597 aut
829 2538 958 2620 triginta
979 2535 1095 2598 diemm
1117 2537 1220 2617 spatio
1243 2554 1263 2599 a
1285 2553 1371 2598 com·

218 2620 365 2682 munione
397 2623 565 2783 3tatuimus
596 2621 868 2703 submovendum,
905 2630 960 2684 aut
992 2623 1143 2704 corporali
1175 2620 1371 2685 subdendum

217 2724 256 2769 su
300 2705 431 2768 licio⁸.
1417 2729 1418 2738 ¹

257 2726 358 2854 dell.
399 2789 452 2854 De
478 2786 641 2870 sortilegis
668 2789 719 2851 nel
739 2777 984 2872 augwutoridus
999 2789 1044 2872 ⁹),
1060 2797 1098 2852 ut
1123 2787 1164 2852 ab
1177 2779 1180 2786 ’
1194 2786 1332 2852 ecelesia

692 2883 889 2956 separentur.

301 2974 355 3038 Ac
381 2993 422 3038 ne
450 2971 483 3035 id
511 2972 648 3044 tortasse
674 2977 819 3040 videatur
845 2977 994 3040 omissum
1015 2975 1099 3058 quod
1120 2975 1257 3038 maxime
1278 2974 1393 3038 lidem-

219 3060 395 3124 catholicae
427 3057 587 3140 religionis
620 3061 770 3144 infestat,
803 3061 887 3145 quod
915 3063 1066 3143 aliquanti
1094 3062 1199 3125 elerici
1228 3061 1302 3122 sive
1320 3057 1370 3134 ¹⁰)

218 3145 305 3212 laici.
319 3143 450 3210 student
483 3140 642 3224 auguriis,
678 3155 713 3206 et
750 3148 809 3209 sub
838 3148 962 3208 nomine
991 3146 1087 3209 lictae
1114 3147 1276 3228 religionis
1317 3162 1370 3226 per

219 3247 275 3292 eas
293 3230 348 3307 ιι)
375 3244 456 3310 quas
479 3233 659 3288 sanctorum
688 3239 792 3293 sortes
819 3239 936 3294 vocant
974 3231 1173 3294 divinationis
1205 3233 1370 3293 scientiam
1416 3269 1417 3286 i

144 3371 153 3376 .
217 3313 400 3400 profitentur
428 3320 483 3374 aut
510 3330 772 3397 quammeumqne
799 3317 1020 3396 scripturarum
1046 3316 1241 3397 inspectione
1268 3315 1370 3376 futura

217 3401 418 3491 promittenti
444 3397 508 3461 hoe
536 3397 724 3480 quicumque
751 3400 885 3463 clericus
912 3401 964 3461 vel
992 3402 1093 3464 laicus
1111 3402 1259 3463 detectus
1280 3399 1371 3462 irretit

219 3489 273 3550 vel
295 3486 460 3552 comulere
481 3483 534 3546 vel
556 3483 688 3567 docere,
709 3487 749 3548 ab
770 3487 908 3549 eeclesia
926 3486 1080 3549 habeatur
1099 3496 1279 3548 extraneus.

203 3605 207 3614 ’
259 3604 371 3678 XLIII,
426 3601 469 3674 Ut
485 3599 537 3678 12)
565 3602 607 3664 de
631 3604 867 3683 poenitentibus
898 3604 1031 3666 clericas
1060 3624 1124 3667 nen
1153 3603 1330 3679 ordinetur,

118 3701 121 3706 '
510 3694 543 3757 et
567 3686 711 3758 ordinati
731 3709 795 3758 non
815 3689 999 3758 ministrent
1016 3687 1078 3769 ¹⁸).
1415 3691 1416 3713 ¹

305 3773 355 3836 De
375 3769 609 3854 poenitentibus
630 3772 663 3833 id
681 3774 801 3859 placuit
822 3775 990 3836 observare
1007 3773 1061 3854 Η)
1084 3771 1167 3857 quod
1188 3771 1293 3836 sancti
1313 3789 1370 3854 pa·
1391 3831 1396 3838 .

219 3916 421 3944 μ...-

262 3995 293 4060 ¹)
309 3999 485 4052 metullum
503 3989 534 4042 C·
550 3990 586 4048 H.
620 4013 657 4036 ν-
698 3993 728 4059 ²)
746 3994 966 4048 suessonense.
984 3996 1019 4054 Η,
1052 4023 1089 4036 -
1126 3994 1157 4061 ⁸)
1172 4003 1309 4056 minu

287 4068 413 4124 ροιιιιοιευν
430 4061 463 4119 0,
480 4062 515 4120 tt,
539 4089 575 4100 —
597 4076 623 4112 r.
643 4059 724 4114 Gonu.
743 4064 836 4116 Venet.
856 4081 878 4116 e.
892 4067 934 4116 ll.
968 4093 1005 4106 ·-
1049 4065 1079 4131 ⁴)
1101 4071 1132 4116 Ut
1151 4099 1197 4122 ,..
1213 4073 1293 4116 etteet
1311 4080 1366 4114 eon·
1414 4089 1415 4121 r

287 4138 356 4182 vnn
380 4130 411 4181 0.
429 4130 464 4181 Η.
493 4159 529 4176 -.-
554 4146 580 4182 r.
602 4129 683 4182 Gonu.
700 4133 892 4188 Venetalt.
935 4159 972 4181 -s
1020 4132 1049 4200 ὅ)
1073 4141 1183 4194 eunoun
1207 4133 1241 4185 C.
1264 4135 1299 4186 Η,
1335 4149 1366 4173 ι-

162 4243 168 4254 ·
262 4201 293 4268 ·)
307 4201 609 4328 testum
622 4199 809 4327 itinn
860 4203 1218 4340 ittet-'sn
1242 4201 1275 4254 ⁰·
1292 4201 1366 4323 itt·

289 4287 368 4402 depol.
387 4338 483 4392 sumt
497 4305 528 4390 in
545 4341 602 4392 eolo
619 4340 687 4404 lieg.
704 4341 733 4392 S.
771 4308 812 4380 -Ι
856 4342 886 4407 θ)
903 4352 1009 4406 osma
1025 4289 1315 4394 meneutttuogll.
1334 4307 1365 4378 -'

288 4424 314 4460 r.
332 4409 415 4462 Cone.
431 4409 526 4460 Venet.
542 4409 619 4462 alta
637 4437 674 4450 -
701 4408 751 4475 ¹⁰)
768 4418 808 4462 oet
824 4410 855 4463 C.
873 4411 908 4464 Η.
924 4441 960 4452 -
976 4422 1030 4464 stae
1047 4419 1105 4462 tutet
1122 4411 1198 4464 deest
1214 4410 1242 4462 in
1260 4411 1366 4476 lieg.B.

243 4477 418 4543 1¹)eereos
434 4477 511 4529 deest
526 4475 555 4528 in
572 4476 603 4528 C.
620 4477 698 4546 Hisp.
731 4506 768 4518 -·-
807 4479 1300 4548 ¹²)Ne,cm.vccenon,0.ilisp.
1334 4506 1365 4517 -
1413 4469 1414 4527 i

244 4546 337 4613 1³)et
352 4554 381 4598 at
397 4555 526 4610 praester
542 4552 623 4597 attan
639 4563 688 4598 non
704 4557 785 4610 entant
803 4546 834 4598 C·
850 4549 885 4603 Η.
926 4577 962 4588 -
1015 4550 1065 4616 ¹⁴)
1082 4558 1212 4604 menori
1229 4549 1315 4605 0011·
1333 4575 1364 4588 -

263 4643 267 4654 =
290 4613 327 4673 cl.
339 4615 440 4684 ,Stelot
457 4617 520 4670 eccl.
538 4615 597 4673 tnt'
611 4630 633 4668 c.
647 4617 683 4671 68
699 4613 790 4683 (Part.
802 4620 838 4682 t,
856 4633 916 4690 pag.
934 4618 1014 4686 tlt),
1038 4647 1073 4662 -
