2864 5042
308 279 311 286 ·
351 197 986 340 coscmruirnoaouucnusu«
1162 244 1224 321 aar

301 429 385 490 Xlll.
426 427 756 491 Anctbematiznntur
774 429 999 511 superstitiosi.
1086 423 1089 433 '

158 513 196 578 Si
217 512 288 596 quis
309 515 340 577 in
361 513 512 576 Kalendis
534 513 691 579 Januariis
712 512 826 596 aliquid
847 515 957 576 iecerit
978 511 1061 595 quod
1083 532 1103 576 a
1124 533 1227 598 paga-

49 603 119 664 nis
140 601 310 670 inventum„
332 608 399 681 est,
430 607 464 662 et
493 597 562 660 dies
590 599 739 661 observat
767 607 800 660 et
830 599 930 662 larrium
961 607 993 660 ct
1021 619 1163 683 menses,
1193 609 1227 662 ct

48 689 214 750 liorarum
236 685 388 758 effectiva
408 685 551 768 potentia
571 683 687 770 aliquid
708 692 817 768 sperat
836 684 868 748 in
887 683 1000 748 melius
1019 693 1075 748 aut
1089 683 1227 750 deterius

50 769 167 855 verti,
190 772 358 848 ariatliema
378 767 435 846 sit,

52 889 159 956 xlv.
179 889 236 952 Aa
249 889 378 968 missurn
392 889 493 970 scatia
513 887 628 950 radens
647 889 757 953 diebus
776 890 910 952 ueniant
929 891 1118 962 nauticorum
1131 892 1227 955 emt

154 990 334 1056 Admonere
355 989 472 1053 debent
492 991 677 1056 sacerdotes
698 991 809 1072 plebes
828 991 974 1055 subditas
998 992 1075 1075 sibi,
1104 1003 1139 1055 ut
1166 995 1227 1056 bu·
1256 997 1260 1018 '

63 1077 185 1140 bulcus
206 1085 302 1158 atquc
328 1073 487 1158 porcarios
506 1077 560 1138 vel
588 1078 667 1141 alios
695 1085 839 1157 pastores
866 1079 920 1140 vel
947 1077 1087 1140 arato'ras
1112 1081 1169 1162 qui
1194 1079 1226 1141 in

62 1163 160 1244 agris
189 1163 316 1225 assiduo
342 1170 570 1226 commorantur
596 1163 650 1223 vel
676 1161 708 1223 in
736 1163 838 1244 sylvis
866 1171 900 1224 et
927 1163 998 1226 idco
1025 1165 1115 1226 velut
1140 1184 1226 1227 mora

62 1246 229 1331 pecudum
249 1249 375 1328 vivunt,
403 1249 434 1309 in
461 1244 623 1310 dominicis
651 1254 685 1309 et
711 1248 742 1307 in
771 1245 840 1309 aliis
862 1246 953 1310 lestis
979 1248 1090 1312 dicbam
1111 1253 1226 1314 saltem

62 1335 127 1398 vel
149 1333 190 1398 ad
210 1335 338 1418 missam
355 1335 476 1396 fumant
493 1334 549 1394 vel
571 1333 752 1413 permittant
770 1333 888 1413 venire,
910 1352 981 1396 nam
1001 1341 1034 1396 et
1057 1335 1114 1397 lios
1132 1336 1227 1399 Clui-

68 1429 147 1481 stus
167 1422 305 1498 pretiooo
327 1419 561 1500 suostnguina
582 1415 732 1493 redemit:
759 1418 850 1499 quaed
870 1417 900 1482 si
925 1419 1226 1503 neglexerint,‘·pre
1278 1411 1283 1425 ⁸

69 1505 236 1567 animabus
263 1523 369 1565 sorum
397 1505 518 1585 absque
546 1503 638 1566 dubio
667 1504 818 1565 rationem
846 1521 884 1567 se
910 1505 1084 1587 reddituros
1110 1509 1224 1589 sciant,

72 1589 230 1670 siquidem
249 1589 391 1652 dominus
407 1589 540 1650 veniens
560 1590 592 1649 in
612 1589 696 1650 hunc
716 1587 861 1650 mundum
883 1608 944 1650 non
965 1591 1064 1672 elegit
1083 1601 1225 1655 oratores

73 1683 174 1755 atque
200 1675 363 1738 nobiliores
389 1693 549 1755 quosque,
584 1672 642 1736 sed
678 1673 854 1754 piscatores
886 1683 983 1756 atqua
1016 1675 1132 1740 idiotas
1164 1677 1224 1742 sibi

73 1760 247 1839 discipulos
266 1759 421 1839 adscivit,
451 1766 487 1820 ut
507 1759 690 1820 ostenderet
710 1761 741 1820 in
762 1760 846 1820 iacto
868 1760 952 1840 quod
976 1762 1045 1833 ipse
1065 1761 1171 1824 verbis
1194 1765 1224 1824 in
1297 1833 1299 1838 ¹

71 1847 243 1926 evangelio
264 1845 395 1907 affirmat
416 1845 542 1906 dicensi
581 1844 671 1922 Quod
691 1844 867 1906 bominibus
889 1852 937 1906 est
959 1844 1076 1920 cltum,
1104 1845 1224 1908 niomi-

67 1929 181 1992 nabile
203 1939 252 2004 eet
271 1931 359 2012 mind
378 1929 469 1998 dmm
486 1927 535 2010 [Β
554 1935 588 1998 et
607 1929 699 1994 salva
719 1930 828 1998 altiora
849 1926 1056 2010 intelligentia
1075 1932 1226 1994 nativitas

67 2013 172 2090 nostri
197 2014 402 2098 redemptoris
429 2014 526 2096 prima
554 2014 688 2077 omnium
720 2011 900 2096 pastoribus
929 2016 969 2078 ab
997 2015 1112 2097 angelo
1143 2035 1225 2078 riuu-

69 2103 175 2166 tiatur.

92 2219 168 2289 XV.
204 2219 304 2290 Utin
318 2222 419 2305 sestis
440 2220 550 2286 delur
572 2219 617 2289 od
637 2242 792 2307 vesperas,
812 2219 860 2287 ad
878 2229 1058 2291 nocturnor-
1071 2225 1203 2310 vigilien

272 2313 304 2368 et
325 2305 372 2398 ad
388 2309 517 2370 missum
531 2309 669 2398 polsatus
691 2310 855 2370 cecinerant
877 2319 1032 2376 occurrat.
1093 2353 1096 2358 ·

157 2405 203 2470 Ut
230 2408 363 2491 populus
390 2408 593 2472 admoneatur
619 2419 655 2475 ut
681 2411 712 2474 iu
739 2401 901 2475 dominicis
930 2420 965 2480 et
992 2413 1089 2485 tastis
1111 2398 1228 2483 diablus

68 2513 184 2556 omnes
212 2493 251 2555 ad
273 2513 425 2576 vesperas
454 2505 487 2558 et
514 2505 682 2578 nocturnas
703 2495 829 2576 vigilias
857 2504 890 2556 et
912 2494 953 2556 ad
974 2497 1101 2559 missam
1123 2501 1225 2561 omni-

69 2580 174 2642 modis
197 2589 369 2661 ooourrant,
390 2588 425 2645 et
445 2589 481 2645 ut
501 2579 665 2656 decaniis
685 2577 866 2644 civitatibus
881 2588 923 2662 ¹et
940 2581 973 2660 in
987 2581 1224 2662 viciepublicis

67 2665 129 2727 viri
157 2683 293 2728 veraces
320 2673 355 2728 at
377 2661 475 2727 'deum
501 2669 650 2730 timentes
672 2665 923 2746 constituantur,
952 2665 1005 2746 qui
1033 2665 1162 2730 desides
1190 2678 1241 2730 etv

67 2751 277 2839 negligentes
297 2760 516 2832 commoneant
533 2759 572 2836 ut
596 2741 638 2816 ad
664 2749 716 2817 dei
741 2752 904 2817 servitium
928 2751 1050 2835 absque
1076 2750 1225 2833 ditatione

71 2845 260 2920 properent,
281 2847 315 2903 et
336 2846 371 2904 ut
397 2836 459 2920 ipsi
479 2837 592 2903 decani
612 2845 810 2901 saciamento
830 2836 1120 2920 adstringantur‘ut
1140 2843 1227 2911 nulla

72 2925 302 2986 interveniente
328 2942 445 3004 causa,
472 2925 597 2987 seilicet
623 2931 678 2986 aut
704 2923 818 2984 amoris
845 2924 1045 3008 aututirnoria
1070 2937 1125 2993 aut
1150 2949 1225 3008 pro.

70 3008 279 3092 pinquitatis,
308 3010 444 3072 muneris
475 3007 678 3091 negligentes
711 3016 746 3070 ct
777 3016 1029 3091 transgressores
1061 3013 1224 3097 reticeant,

71 3096 151 3176 quin
174 3093 305 3175 propriis
332 3093 550 3160 sacerdotibus
563 3130 565 3139 =
578 3093 719 3176 proprias
746 3112 851 3158 eorum
882 3095 992 3178 culpas
1012 3095 1225 3175 manifestent.
1348 3091 1351 3098 ”

72 3176 281 3244 Sacerdotum
307 3189 413 3243 autem
442 3179 501 3243 erit
528 3177 572 3241 ita
599 3197 705 3265 coium
732 3177 810 3241 vitia
836 3180 907 3242 nalo
934 3189 968 3243 et
995 3202 1099 3246 amore
1118 3186 1225 3250 divino

72 3283 148 3329 curn
176 3263 279 3329 debita
306 3265 470 3350 disciplina
495 3265 668 3348 corrigere,
689 3263 778 3346 sicut
804 3265 866 3346 ipsi
891 3267 999 3334 mlum
1019 3288 1078 3350 pro
1096 3268 1224 3343 oliorum

70 3348 218 3438 reatibus,
238 3351 427 3417 sententiam
448 3349 560 3432 justae
579 3349 787 3434 damnationis
807 3351 980 3428 suscipere.
1021 3354 1065 3416 Et
1091 3363 1128 3416 ut
1154 3356 1232 3423 dies
1355 3405 1360 3416 ,

68 3434 146 3498 lesti
166 3454 186 3497 a
206 3454 341 3520 vespera
370 3456 471 3518 usque
501 3435 543 3501 ad
567 3453 734 3516 vesperam
761 3433 882 3516 absque
909 3452 1003 3517 opere
1024 3432 1132 3511 servili
1150 3458 1224 3516 cum

69 3521 180 3585 debito
198 3519 315 3586 honore
336 3523 540 3594 celebrentur.
779 3575 784 3586 .

120 3638 212 3702 xvi.
259 3639 483 3718 enarratione
512 3638 554 3701 ab
580 3637 726 3720 udacopo
757 3634 978 3700 circumrotata
1009 3639 1172 3708 rltoecmts.
1228 3682 1233 3692 .

143 3739 241 3804 *Cum
261 3739 431 3822 episeopus
452 3754 548 3803 warni
563 3737 739 3802 dioecesim*
761 3739 887 3822 circuit,
915 3739 1151 3807 archidiaconus
1171 3745 1227 3808 vel

74 3824 331 3908 archipresbyter
357 3845 430 3889 eum
456 3826 577 3908 praeire
605 3826 701 3900 debet
725 3844 788 3887 uno
816 3833 871 3888 aut
896 3825 1018 3890 duobus
1039 3825 1150 3893 diebus
1169 3842 1235 3914 per'

72 3911 241 3989 parochias
268 3930 349 3993 quas
368 3913 554 3984 visitaturus
582 3919 652 3991 est,
676 3920 709 3972 et
729 3911 820 3994 plebe
842 3922 1027 3986 convocata,
1040 3919 1224 3987 annuntiare

69 3996 167 4058 debet
186 3997 301 4077 proprii
321 3997 458 4077 pastoris
477 3996 659 4075 adventum,
680 4006 714 4058 ct
728 4005 763 4057 ut
783 4015 902 4078 omnes,
921 4002 1067 4080 exceptis
1084 4001 1222 4084 infirmis,

67 4080 111 4142 ad
133 4079 205 4160 ejus
226 4082 382 4164 synodum
402 4084 453 4145 die
475 4082 674 4144 denominata
695 4082 957 4161 impraetermisse
977 4097 1159 4169 occurrant,
1185 4096 1226 4150 et

67 4165 256 4246 omnimodis
280 4187 323 4230 ex
343 4169 510 4237 autoritate
529 4176 710 4239 sarietorsm
726 4185 883 4232 canomrm
903 4172 1085 4252 praecipere
1105 4181 1141 4237 et
1160 4173 1223 4244 nri·

68 4252 192 4314 naciter
207 4251 391 4316 denuntiare
403 4254 508 4334 dubet,
529 4251 611 4333 quod
634 4249 663 4314 si
683 4254 754 4332 quis
776 4253 897 4352 absquo
916 4258 1006 4336 gravi
1026 4258 1222 4322 necessitate

66 4335 221 4416 deluerit,
248 4337 478 4417 procul'dnbio
503 4356 523 4400 a
544 4337 759 4400 communione
780 4337 959 4402 Christiana
978 4339 1022 4402 sit
1048 4343 1221 4424 pellendus.
1287 4371 1290 4376 ·

66 4419 192 4484 Deinde
225 4425 338 4488 accitis
369 4441 479 4490 secum
509 4419 703 4506 presbyteris
736 4423 789 4505 qui
823 4423 932 4486 inille
960 4425 1030 4489 loco
1057 4430 1222 4495 servitium

65 4563 268 4589 *uu-ununqu-

111 4644 140 4710 1)
158 4645 225 4712 Luc.
244 4645 293 4710 lo,
311 4641 353 4700 15.
371 4672 406 4684 -
