2868 5040
234 283 238 292 =
339 233 581 316 CONGMUH
601 238 979 312 amonemur.
1173 251 1237 318 177

79 409 223 495 rogatam
243 406 364 474 amatre
382 410 490 476 veiint
524 409 618 476 Unda
637 411 670 476 id
690 413 782 478 nobis
796 415 973 482 ἰιοοιιιιᾶιιιιί
993 417 1235 492 admittam

79 495 350 561 etauctoritatem
364 495 453 560 sadis
466 498 662 578 apostolieae
670 497 790 580 justum
799 521 845 566 ao
857 505 1039 578 rationabile
1051 506 1157 576 v'sarrr
1171 521 1233 594 est,

77 591 118 646 ut
135 601 241 664 pauca
262 580 401 662 capitula
428 584 467 646 ab
493 585 669 663 apostolica
694 586 787 650 nohis
811 590 890 651 sede
920 595 1122 674 transmissa,
1150 615 1234 678 quae

79 669 121 732 ab
141 669 287 752 antiquis
307 667 450 748 patribus
471 665 511 730 de
533 679 712 734 sanctarum
732 672 950 753 seripturarum
970 676 1185 744 voiuminibus*
1199 683 1240 744 in·

77 752 142 816 irae
162 754 332 834 praecipue
354 769 452 814 causa
472 753 609 816 collecta
628 765 721 834 sunt,
745 756 785 818 ad
806 758 967 822 docendos
989 783 1047 826 eos
1068 766 1121 846 qui
1142 764 1245 842 niter,

78 855 176 920 quam
189 877 194 888 ·
207 845 330 922 oportet
360 839 519 918 sentiunt„
551 839 767 912 enormibus
801 841 1012 910 observandav
1029 853 1166 933 proferre
1197 863 1232 918 ot

77 923 224 990 manibus
244 922 376 1001 *noetus
412 923 609 987 subscribere
645 923 849 991 deberemus:
887 933 1000 1011 quibus
1014 925 1017 936 ’
1031 931 1146 1021 lectis,
1171 933 1232 1021 'qui

78 1008 243 1092 hucusque
267 1027 330 1070 non
357 1005 441 1071 sicut
467 1009 632 1090 oportebat
653 1009 693 1072 de
715 1014 818 1094 gratia
840 1023 874 1076 et
892 1017 990 1081 libero
1011 1021 1136 1086 arbitrio
1158 1043 1232 1087 cre-

79 1092 175 1174 didit,
204 1092 246 1156 ad
274 1111 314 1156 ea
338 1111 421 1174 quae
448 1091 523 1156 fidei
552 1093 729 1162 catholicoe
758 1100 950 1167 conveniunt
977 1105 1113 1174 aninum
1139 1093 1238 1184 snum',

73 1177 224 1242 inclinare
245 1197 306 1241 non
327 1177 459 1242 differat.

114 1299 139 1363 1.
177 1285 270 1378 Quod
282 1317 345 1384 por
359 1305 530 1384 peceatum
551 1299 647 1363 Adae
667 1321 731 1366 aaa
751 1303 852 1369 solum
872 1327 984 1394 eorpus
1004 1314 1063 1379 aad
1081 1315 1191 1384 anima
1232 1366 1234 1378 .

456 1387 557 1448 etium
577 1385 665 1450 laesa
679 1391 787 1469 suerit
802 1389 845 1471 ¹).

161 1467 199 1534 Si
221 1469 290 1553 quis
311 1489 369 1552 per
388 1469 541 1532 offensam
561 1477 838 1552 praevaricationis
856 1477 949 1544 Adae
969 1501 1032 1548 non
1053 1494 1169 1572 totum,
1196 1488 1230 1554 id

74 1564 127 1622 est
156 1554 331 1620 secundum
361 1574 481 1636 corpus
506 1557 717 1634 etanimaru,
747 1561 777 1624 in
805 1563 943 1628 deterius
973 1569 1049 1633 dicit
1073 1575 1229 1642 hominem

72 1651 324 1723 commutatum,
364 1641 423 1704 sed
462 1644 584 1720 animae
619 1645 763 1709 libertate
797 1648 907 1722 illaesa
939 1651 1069 1721 durante
1112 1679 1230 1744 corpus

73 1728 288 1792 tantummodo
316 1728 504 1809 corruptioni
531 1727 630 1792 credit
664 1733 852 1814 obnoxium,
884 1738 1008 1822 Pelagii
1036 1763 1137 1808 errore
1168 1735 1246 1810 de?

73 1823 190 1894 ceptus
220 1812 405 1886 adversatur
428 1815 602 1895 scripturae
632 1815 768 1881 dicenti:
807 1821 930 1886 Anima
949 1843 1045 1906 ¹quae
1070 1841 1230 1910 parrana-t

73 1901 120 1962 rit
134 1896 171 1978 ²)
201 1900 274 1982 ipra
302 1901 457 1962 moriatur
470 1899 524 1979 8);
556 1910 609 1964 et:
640 1900 784 1966 Nescitis
811 1908 960 1987 quoniam
990 1913 1045 1974 cui
1064 1916 1231 1996 ‘exhibetis

73 1989 128 2048 aaa
148 2005 256 2048 aeroas
278 1985 323 2048 ad
342 1985 559 2062 odediendum,
580 1991 665 2050 aerei
687 1991 765 2052 aetio
786 1991 855 2070 ejus
874 1994 928 2054 cua·
949 1993 1157 2080 aaronem
1177 2011 1230 2068 et:

73 2069 108 2134 A
130 2089 190 2154 quo
213 2073 283 2156 prtia
304 2078 488 2156 suparatur,
510 2071 578 2152 pao
599 2078 633 2134 ot
652 2092 761 2136 amnuo
780 2077 947 2140 addicitur
960 2079 1003 2158 ⁸).
1050 2118 1054 2124 -

116 2189 156 2254 11.
200 2187 292 2271 Quod
312 2196 483 2276 peecatum
503 2189 600 2254 Adue
627 2211 690 2255 aon
717 2194 782 2276 ipat·
808 2193 908 2258 aelam
934 2203 1045 2264 nocuit
1066 2205 1125 2269 aad
1142 2205 1189 2272 ad

119 2299 122 2308 ’
259 2299 262 2308 ’
424 2281 571 2360 porterus
592 2295 713 2362 qaoque
734 2283 876 2345 transiit.
1015 2299 1017 2304 ·
1056 2299 1061 2308 ·
1123 2303 1124 2308 ’
1210 2299 1212 2306 ’

157 2375 197 2442 Si
214 2379 285 2462 quis
306 2377 365 2441 soii
379 2369 471 2441 Adae
486 2381 786 2460 praevaricationem
800 2403 900 2467 suam,
922 2407 986 2452 non
1007 2400 1042 2454 et
1062 2391 1132 2476 ejus
1153 2411 1228 2479 pto-

5 2495 6 2504 *
73 2465 182 2547 pagini
216 2467 331 2530 asserit
362 2465 533 2546 nocuisse,
568 2475 624 2528 aut
652 2475 739 2530 certe
767 2479 899 2532 mortem
928 2482 1050 2540 tantum
1066 2486 1227 2566 ¹corporis,

74 2569 156 2634 quae
177 2547 426 2632 poenapeccati
454 2557 523 2630 est,
555 2569 616 2610 non
645 2561 752 2614 autem
779 2562 814 2615 et
838 2568 1006 2636 peccatum
1033 2565 1116 2643 quod
1142 2586 1228 2633 mors

76 2646 127 2700 est
158 2637 302 2718 animae,
340 2654 397 2717 per
428 2653 522 2697 unum
553 2633 707 2700 hominem
739 2637 771 2700 iu
802 2656 894 2702 omne
925 2661 1029 2724 genus
1058 2647 1228 2719 humanum

74 2719 238 2788 transiisse
260 2730 412 2802 testatur,
434 2717 615 2800 injustitiam
637 2721 697 2785 deo
718 2721 819 2803 dabit,
842 2726 1062 2796 contradicens
1083 2741 1227 2815 apostolo

73 2807 208 2872 dicenti:
240 2807 305 2872 Per
324 2827 420 2872 uam
441 2806 598 2869 homiaem
612 2815 784 2890 paccatum
804 2811 944 2883 intrauit
964 2815 1001 2878 ia
1021 2821 1171 2884 mundum
1193 2834 1228 2888 ot

68 2913 127 2976 per
141 2901 313 2976 peccatam
332 2912 425 2968 mora,
441 2900 474 2954 at
493 2894 544 2955 ita
564 2893 600 2956 ia
615 2913 720 2958 onmes
734 2895 876 2960 nontam
889 2899 1016 2983 triow)
1029 2912 1228 2987 pertransito

71 2981 106 3044 ia
127 2997 188 3062 quo
210 2996 315 3042 mmor
329 2986 575 3060 peecaverunt..

114 3097 168 3160 lli.
201 3095 293 3177 eund
311 3098 423 3182 gratia
445 3095 500 3160 dar·
519 3115 583 3158 noa
603 3099 649 3160 ad
668 3101 902 3170 invocationem
923 3106 1017 3174 detur
1036 3111 1096 3178 aod
1113 3113 1187 3200 apsa

171 3223 174 3230 ,
319 3245 323 3250 ,
461 3183 575 3262 saciat
588 3187 827 3262 'utiauocotua
885 3191 888 3198 '

158 3263 195 3332 si
226 3269 297 3351 quis
327 3263 374 3330 ad·
399 3265 631 3334 invocationem
659 3272 825 3337 humanam
841 3273 874 3355 ⁷)
909 3281 1042 3361 gratiam
1072 3284 1124 3349 dei
1152 3289 1228 3355 dicit

71 3373 174 3436 possa·
197 3353 347 3434 conferri,
376 3372 438 3418 non
459 3362 565 3436 autem
580 3356 689 3444 ,ipsam
711 3362 844 3442 gratiam
865 3362 971 3426 facere
999 3376 1035 3428 nt
1059 3370 1237 3448 invocetur*

72 3458 92 3502 a
118 3439 229 3518 nobis,
267 3437 453 3508 contradicit
479 3441 585 3505 Isaiae
610 3443 783 3522 prophetae
812 3445 865 3505 vel
892 3452 1036 3526 apostolo
1063 3453 1147 3516 idem
1175 3457 1228 3520 di-

71 3528 175 3592 centi:
211 3525 363 3588 [namtas
382 3544 452 3588 aum
474 3548 495 3589 a
516 3547 580 3588 non
608 3530 831 3609 quaerentibus
856 3550 928 3612 mo,·
949 3536 1065 3617 palam
1083 3546 1229 3624 *apparui

70 3610 120 3674 ou
143 3613 200 3696 qai
220 3631 270 3674 me
290 3629 354 3674 aaa
375 3612 619 3694 interrogabant
633 3612 678 3692 ⁸).

97 3727 157 3797 IV.
190 3729 280 3809 Quod
299 3730 376 3798 deae
396 3737 435 3792 at
457 3751 478 3794 a
492 3737 630 3813 peecata
644 3751 820 3816 purgamur
838 3736 1035 3806 uoluntatem
1054 3754 1199 3814 noctram

382 3834 446 3878 aon
466 3823 627 3900 adspectat
647 3819 707 3880 aad
725 3832 912 3904 praeparat.

89 3953 93 3969 ,
154 3897 193 3961 Si
214 3899 286 3982 quia
306 3907 343 3962 ut
362 3920 383 3964 a
404 3913 537 3982 peccato
559 3922 727 3986 purgemur
748 3909 942 3973 voluntatem
967 3923 1109 3982 nostram
1131 3922 1225 3990 deum

71 3991 263 4066 exspectare
285 3985 467 4066 contendit,
494 4005 557 4050 uon
578 3999 685 4052 autem
706 3999 742 4052 ut
763 3993 858 4056 etiam
872 3995 907 4075 ⁹)
935 4000 1061 4084 purgari
1081 4008 1226 4096 velimus,

112 4208 143 4277 ι’)
161 4207 250 4290 Caput
268 4207 324 4291 'irae
341 4209 368 4332 ΙΙΙ
387 4183 693 4337 ιιιιηιιιιέὰσιιιᾳὲιὸοιᾶ
710 4213 753 4266 Vi.
776 4213 834 4268 iero
858 4221 943 4298 totum
965 4223 1066 4308 reperit
1086 4227 1175 4286 Mansi
1197 4233 1227 4290 in
1349 4191 1356 4197 -

112 4349 456 4415 ‚n
477 4297 598 4422 <aa
617 4295 971 4437 aranearum
988 4295 1228 4434 nnana:

113 4420 144 4484 ι)
163 4420 308 4484 2Patr.2,
328 4421 371 4474 19.
400 4445 437 4460 ·-
476 4423 506 4489 θ)
517 4441 590 4476 -marr
606 4423 725 4478 deantur
746 4425 829 4479 Vatrc.
847 4429 926 4484 3827.
944 4459 980 4472 -
996 4433 1227 4504 Rom.5‚12,..

115 4489 146 4555 2)
163 4498 318 4548 invocatione
335 4498 452 4554 taurana,
470 4503 521 4546 om.
539 4511 563 4546 r.
581 4503 626 4556 aa,
650 4495 703 4548 ios.
720 4496 759 4561 A,
777 4495 843 4562 Reg.
855 4499 897 4564 ’Β,
920 4507 947 4553 et
964 4501 1077 4560 Ludens.
1095 4509 1157 4565 490,
1191 4541 1226 4554 .-

114 4559 147 4626 ⁸)
163 4567 381 4624 marmannorum
408 4562 521 4618 Lucana.
544 4564 606 4622 49⁰.
640 4591 677 4604 -
711 4565 841 4634 teatina
866 4571 890 4621 1.
932 4571 1010 4625 Rom.
1032 4576 1083 4643 10,
1112 4581 1156 4635 20.
1190 4611 1226 4626 ...

111 4629 212 4696 ’Man
227 4632 342 4686 Lucano·
360 4631 422 4688 tou
457 4659 492 4672 ·-
597 4665 602 4672 ·

113 4720 254 4774 arataeo.
271 4728 325 4774 ra
944 4723 985 4789 ta
