2864 5042
244 303 248 316 ,
333 225 573 298 eonontun
601 229 897 300 nucnnnnnsn
917 233 970 298 nn
1166 235 1246 312 ate
1343 187 1347 198 “

43 409 199 483 oportet
220 403 252 464 in
274 402 358 480 ciero
377 403 430 474 vel
451 405 564 486 populo
585 405 740 486 catholico
757 403 888 468 meliora
909 401 1024 480 salubri
1040 401 1227 488 pontificum

45 489 205 550 consitio
220 487 392 569 ¹renovari,
417 480 534 552 idcirco
560 489 808 554 beatissimorum
832 499 955 572 patrum
977 495 1103 553 statuta
1117 491 1227 554 nemi-

47 573 240 635 niscentes
260 572 354 654 hujus
375 575 456 636 tituli
476 574 654 646 definitione
675 577 852 656 sancimus,
879 585 915 640 ut
941 577 1057 638 nullum
1077 575 1225 641 clericum

48 659 105 718 ab
142 659 251 743 ordine
278 668 389 721 saneto
418 661 569 724 antistitis
593 681 695 745 nsque
720 661 761 725 ad
789 660 973 725 subdiaconi
1000 660 1131 744 gradum
1151 681 1234 731 mua·

46 743 181 804 tierent
203 742 328 824 praetor
344 745 483 828 matrem,
500 745 677 810 amitam-et
688 744 869 810 suroremin
880 745 1019 830 bospitio
1032 751 1092 810 suo
1106 741 1241 811 babere-

47 829 178 890 lieeat.
196 870 200 878 ι
221 828 345 892 Placuit
365 831 528 912 otim-*nt
542 831 577 895 si
594 835 781 916 quicumque
797 833 950 896 exennia
966 831 1069 912 iuneti
1083 831 1131 896 ad
1152 833 1239 897 dio·-¹

50 923 209 977 conans
229 925 290 994 aut
317 916 556 998 presbytemtns
581 918 721 982 ordinem
741 937 872 1000 apnnquo
896 917 999 982 modo
1012 919 1237 1001 pervenerim·

52 1017 135 1063 iton
159 1001 260 1064 seium
288 1001 373 1062 laeto
398 998 456 1064 sod
485 1005 579 1064 etiam
593 1004 855 1086 »frequentatione
877 1003 1064 1086 quotidiana
1080 1003 1236 1066 debeant.

53 1085 109 1145 de
133 1086 286 1149 uxocibus
305 1104 373 1150 ns
385 1091 604 1168 sequestrari:
621 1090 719 1172 npnod
739 1090 783 1170 si,
809 1089 894 1171 quod
914 1088 996 1152 deus
1012 1093 1158 1170 armiati
1179 1089 1222 1151 de

53 1189 179 1230 eornm
197 1170 564 1240 mnuiarionntnbemio
581 1177 657 1255 pest
673 1179 841 1255 meptam
854 1174 1224 1254 immiminuta

50 1263 166 1316 natus
181 1257 337 1338 patuerit,
355 1256 396 1320 ab
417 1256 512 1323 officii
533 1259 633 1344 gradu
649 1259 821 1342 priventur.
899 1309 903 1318 .

63 1381 111 1444 11.
135 1381 192 1464 De
205 1383 348 1466 aristalio
363 1387 559 1467 captivorum
573 1394 667 1450 cauta
676 1367 904 1449 Ιθέιιηιίηαηᾰίε
919 1373 953 1449 et
967 1369 1209 1451 conscribendis.

154 1483 191 1546 ld
211 1483 368 1551 ennato
389 1487 531 1566 epistolis
551 1488 670 1570 placuit
688 1487 893 1571 captivorum,
907 1497 947 1572 ‚ut
968 1489 1011 1550 ita
1030 1489 1095 1552 sint
1113 1486 1231 1552 saneti.

53 1567 239 1650 pontifices
266 1572 367 1654 cauti,
395 1579 432 1634 ut
451 1566 483 1632 in
504 1574 633 1636 servitio
654 1573 1138 1656 pontificibuscousistentibus,
1167 1571 1231 1656 qui·

53 1675 176 1718 eornm
198 1674 291 1719 manu
311 1656 365 1718 vel
385 1653 613 1740 subscriptione
631 1667 793 1742 agnoscat
810 1658 964 1742 epistolae
985 1666 1042 1721 aut
1061 1657 1220 1742 quaelibet
1266 1707 1269 1722 .

54 1741 307 1806 insinuationum
328 1741 438 1804 literae
459 1739 525 1804 dari
546 1743 692 1826 debeant,
713 1753 868 1826 quatenus
883 1744 924 1808 de
938 1739 1221 1822 subscriptionibus

55 1828 153 1888 nulla
173 1828 294 1908 ratione
324 1827 427 1908 possit
455 1826 515 1908 deo
542 1827 673 1912 propitio
695 1827 826 1892 dubitari
847 1838 881 1892 et
900 1829 1035 1910 epistola
1055 1845 1230 1893 commem,

54 1913 204 1974 dationis
231 1931 286 1992 pro
313 1912 507 1976 necessitate
536 1912 709 1996 cujuspiam
735 1913 952 1997 promulgata,
978 1913 1048 1976 dies
1076 1909 1219 1998 datarum

56 2007 96 2060 et
120 1999 223 2075 pretia
244 1993 417 2060 constituta
432 1999 485 2059 vel
507 2001 719 2062 necessitates
740 1999 934 2080 captivorum
952 2015 1032 2084 quos
1053 2015 1125 2060 cum
1147 1996 1219 2078 epi-

54 2083 157 2146 stolis
178 2083 314 2165 dirigunt
333 2079 448 2144 ibidem
468 2084 652 2164 inserantur.

229 2202 285 2264 tit.
326 2201 379 2264 Do
392 2201 511 2284 praeuia
526 2221 614 2284 space
630 2225 656 2266 c
669 2204 869 2266 'monasterie
891 2161 1052 2264 recedunt.

151 2301 281 2365 Puellae
295 2322 371 2366 vero
393 2323 474 2386 quoe
495 2304 694 2367 conniventia
712 2311 877 2386 parentum
897 2321 1023 2367 snorum
1045 2321 1082 2367 se
1103 2303 1218 2366 volun-

57 2387 143 2452 tarie
160 2387 374 2456 dedicaverint
394 2397 427 2450 et
449 2389 528 2451 intra
547 2391 769 2452 monasterium
787 2390 962 2472 ⁴puellarum
984 2390 1224 2452 conclusionem·

59 2475 232 2558 elegerint,
255 2483 288 2536 et
304 2493 341 2537 se
356 2472 396 2537 de
412 2473 522 2536 eodem
542 2477 732 2538 monasterio
753 2491 948 2558 quacumque
969 2473 1065 2535 animi
1081 2473 1217 2536 'levitate

59 2572 121 2623 aut
142 2558 264 2622 vilitate
294 2559 432 2640 corporis
459 2568 549 2621 extra
576 2561 771 2640 captivitatis
795 2560 953 2621 incursum
973 2556 1136 2620 voluntate
1157 2573 1217 2618 sua

57 2646 292 2726 subtraxerint,
322 2644 416 2706 etde
438 2644 678 2706 conversatione
699 2644 847 2726 religiosa
867 2640 1091 2722 cujuscumque
1113 2659 1216 2704 voca-

58 2733 159 2795 tionis
179 2729 290 2812 spiritu
309 2729 430 2792 saeculi
450 2728 677 2792 delectationes
699 2727 869 2810 elegerint:
900 2745 1065 2808 quousque
1092 2727 1122 2788 in
1143 2745 1215 2787 mo-

56 2818 232 2880 nasterium
246 2815 329 2878 unde
345 2833 496 2898 egressae
510 2823 585 2876 sunt
598 2823 809 2896 revertantur,
831 2833 851 2875 a
868 2812 1094 2877 communionis
1113 2813 1216 2895 gratia

57 2909 284 2988 segregentur,
298 2902 448 2964 viaticum
463 2909 569 2963 tamen
583 2899 644 2962 illis
658 2897 867 2962 miserationis
885 2899 999 2961 intuitu
1021 2899 1215 2981 praebeatur.

290 3082 292 3090 ,
330 3020 387 3084 IV.
427 3019 480 3082 Da
501 2999 937 3099 incestuJaoajimcttonitna

148 3124 199 3185 lle
229 3121 364 3186 incestis
394 3139 470 3186 vero
507 3118 777 3200 conjunctionibus
811 3120 880 3192 boc⁴
906 3117 1024 3202 placuit
1053 3118 1214 3202 custodiri,

56 3209 144 3293 quod
165 3207 272 3288 prisca
292 3225 445 3268 canonum
466 3213 588 3269 statuta
607 3214 787 3270 sanxerunt
1201 3225 1205 3232 ·

56 3329 99 3392 V.
133 3327 178 3388 Ut
197 3327 337 3410 episcopi
357 3322 609 3392 sardacenses·
629 3323 802 3404 seposita
822 3330 915 3388 estro
937 3324 1102 3396 secusiam
1121 3345 1213 3385 onom

142 3497 191 3564 ,Ut
212 3462 321 3560 'nuilus
355 3429 573 3576 episeopoiirodi
594 3407 885 3554 ciiidiaidrunt·domini
912 3500 968 3553 ant
994 3491 1114 3572 pascha
1139 3489 1213 3555 aiibi

60 3584 122 3646 nisi
144 3581 187 3656 ad
207 3579 376 3644 ecelesiam
398 3598 503 3657 snm,
524 3583 649 3658 praeter
668 3573 855 3644 infirmitatis
875 3577 1032 3640 incursum
1053 3585 1108 3642 aut
1129 3574 1214 3638 ordi-

59 3688 136 3732 nem
155 3667 292 3748 neginm,
314 3666 472 3770 celebrare
493 3667 683 3744 praesumat.

89 3787 146 3849 vt
189 3785 248 3847 De¹
263 3782 393 3868 leprosis
415 3784 564 3864 cujusquo
585 3781 732 3842 deitatis
751 3788 787 3841 et
807 3782 966 3844 territorii
987 3789 1025 3843 ut
1045 3783 1185 3866 φίεοῳι·

228 3904 231 3913 ·
271 3895 276 3904 ·
311 3887 314 3898 ’
382 3909 386 3920 -
405 3875 408 3918 1
443 3883 549 3929 rarum
568 3883 678 3938 curam
698 3873 824 3950 gerant.
1177 3891 1181 3900 ¹

66 3984 70 3993 =
144 3951 271 4017 Piacuit
291 3951 387 4013 etiam
406 3952 557 4014 aniverso
575 3949 725 4031 coneilio,
746 3951 1048 4033 ut.uniuseujnsqne
1072 3951 1214 4017 divitatis

61 4039 194 4119 leprosi,
223 4037 277 4119 qui
291 4037 383 4098 ‘intra
409 4035 593 4103 territorium
611 4037 752 4100 civitatis
771 4037 872 4120 ipsius
892 4048 953 4099 atu·
968 4048 1138 4101 naseuntur
1157 4047 1214 4100 eut

61 4116 208 4185 videntur
230 4123 435 4204 consistere,
462 4123 506 4185 'ab
535 4119 684 4204 episeopo
714 4118 872 4184 ccclesiae
897 4123 998 4202 ipsius
1023 4123 1215 4187 sufficientia

63 4209 267 4270 dimatant
286 4205 474 4274 neomaenia
486 4208 678 4268 vestimenta
693 4203 875 4292 'mcipiant,
903 4215 939 4272 ut
966 4209 1027 4273 diis
1052 4227 1108 4292 par
1124 4205 1213 4276 'alias

63 4295 214 4358 civitates
234 4291 374 4376 vagandi
391 4288 518 4358 licentia
542 4290 724 4375 denegetur.
