2868 5040
207 200 271 270 Hb
513 194 756 267 OONOHalUbi
776 197 1053 270 odornense.

207 374 382 442 constituto
400 379 546 458 tenpore.
560 369 763 438 ¹admittendis
781 373 822 438 ad
836 375 978 440 alterium
991 375 1172 442 obsmfflo
1186 375 1361 462 relaxatum

206 461 291 544 quod
311 462 341 524 si
361 461 458 525 ardua
478 461 532 525 vel
551 461 629 525 durs
648 461 728 524 sotto
748 460 929 541 putaverint
935 507 946 544 ‚
971 469 1094 526 statute
1119 464 1360 546 praeteritomnr

207 565 361 612 οιιιοιιιιιι
380 547 509 629 inplere
529 545 695 615 debebunt
908 561 913 572 ·
1010 557 1020 565 ·
1162 585 1172 598 ·

514 666 597 728 LXl.
640 663 692 726 De
717 664 850 727 inentis
878 663 1048 747 conjugiis.
1145 661 1148 673 ”

294 767 344 832 ne
365 765 497 842 incestis
516 763 785 848 conjunctionibus
805 765 878 828 nihil
893 784 1021 848 prorsus
1034 765 1148 828 veniae
1162 787 1360 832 reservamus

209 853 272 920 uisi
292 873 364 920 cum
386 849 570 916 adulterium
591 849 788 932 separatione
809 848 1009 936 sanaverint3
1030 852 1173 916 incestos
1188 873 1267 917 vero
1284 857 1360 916 nullo

211 940 350 1022 conjugii
378 939 503 1000 nomine
530 935 744 1018 deputandos,
775 954 855 1017 quos
884 938 978 998 etiam
1007 936 1175 1020 designare
1204 940 1360 1002 funestum

211 1029 281 1108 est3
312 1025 371 1089 hos
388 1023 421 1104 ¹)
449 1041 524 1086 esse
553 1039 740 1084 censemus:
775 1021 804 1082 si
839 1021 911 1102 quis
944 1020 1085 1084 relictam
1117 1021 1250 1105 fratris,
1284 1044 1360 1105 quae

211 1131 315 1195 paene
342 1110 428 1191 prius
454 1125 541 1172 soror
567 1106 733 1186 extiterat,
770 1105 886 1168 carnali
915 1106 1133 1188 conjunctione
1159 1109 1308 1190 polluerit
1321 1109 1359 1190 ²),

212 1199 241 1262 si
263 1197 333 1280 quis
352 1196 449 1257 frater
469 1210 649 1276 germanam
671 1187 777 1252 uxoris
799 1191 959 1270 occeperit
973 1191 1024 1272 ³),
1047 1193 1081 1255 'si
1102 1195 1173 1274 quis
1195 1213 1361 1256 novercam

213 1279 353 1358 duxerit,
380 1281 409 1343 si
435 1281 505 1358 quis
531 1276 736 1340 consobrinae
762 1293 800 1336 se
826 1277 997 1338 sociaverit
1011 1273 1064 1357 ⁴),
1090 1279 1120 1339 si
1141 1279 1214 1358 quis
1231 1279 1360 1340 -relrctae
1412 1305 1413 1396 p

212 1369 267 1428 vel
289 1367 371 1428 llliae
393 1363 539 1424 avunculi
558 1361 728 1424 misceatur
749 1369 804 1422 aut
831 1362 933 1440 patrui
947 1360 981 1439 ⁸)
1008 1361 1091 1423 filiae
1118 1364 1172 1423 vel
1198 1363 1361 1447 privignae

212 1470 310 1531 suae,
330 1457 385 1510 aut
400 1449 453 1529 qui
468 1467 509 1508 ex
523 1447 645 1528 propria
659 1446 934 1528 consanguinitate
954 1447 1086 1528 aliquam
1107 1456 1162 1508 aut
1176 1466 1280 1528 qnam
1287 1461 1362 1511 eon-
1413 1455 1414 1550 l

211 1535 407 1618 snguiueus
427 1532 589 1612 babuitl),
611 1532 778 1594 concubitu
797 1531 985 1611 polluedt')
1006 1542 1060 1596 aut
1074 1533 1198 1596 duxerit
1216 1551 1361 1614 uxoren3

141 1623 144 1627 ’
212 1640 294 1706 quos
315 1637 425 1682 omues
446 1627 480 1680 et
501 1615 572 1680 olim
595 1626 691 1698 atque
712 1617 771 1678 sub
792 1617 854 1680 hac
874 1617 1098 1682 constitutione
1117 1615 1263 1682 incestos
1292 1637 1362 1680 esse
1414 1605 1415 1700 i

211 1727 275 1772 non
307 1705 505 1785 dubitamus,
535 1711 568 1764 ot
599 1701 678 1764 inter
712 1703 956 1764 catechumenos
969 1713 971 1718 '
985 1721 1088 1785 usqua
1120 1703 1162 1766 ad
1192 1702 1362 1786 legitimam
1414 1705 1415 1710 ’

212 1790 461 1858 satisfactionem
487 1807 614 1852 manere
641 1795 676 1850 ct
702 1805 790 1850 orare
819 1786 1047 1869 praecipimus,
1077 1789 1161 1869 quod
1190 1789 1238 1850 ito
1272 1809 1363 1870 prae-

213 1879 298 1944 senti
318 1887 458 1958 tempore
484 1875 700 1956 probibemus,
728 1880 764 1934 ut
785 1891 825 1934 ea
847 1883 1022 1953 quaesunt
1043 1873 1199 1938 hacteuus
1220 1874 1362 1939 instituta
1416 1905 1417 2000 p

214 1965 276 2028 noir
304 1963 524 2026 dissolvamus.
567 1959 654 2022 Sane
681 1959 792 2040 quibus
822 1955 1000 2038 conjunctio
1031 1958 1139 2023 illicita
1164 1959 1363 2039 interdicitur,

212 2051 372 2113 habebunt
391 2043 519 2109 ineundi
538 2042 674 2106 melioris
697 2042 835 2124 conjugii
856 2043 1039 2105 libertatem.
1266 2040 1272 2058 '
1416 2055 1418 2186 p

243 2183 247 2190 ·
314 2165 415 2229 11le
432 2165 484 2228 De
503 2165 555 2226 bis
578 2165 632 2245 qul
653 2179 757 2224 ancos
779 2181 850 2224 auos
872 2170 964 2225 estro
978 2137 1123 2244 Jodtoen
1144 2171 1275 2236 necent.

214 2243 218 2253 .
298 2269 334 2331 st
361 2267 432 2349 quis
459 2284 594 2328 servum¹
613 2265 767 2345 proprium
795 2266 864 2326 sine
885 2265 1080 2326 couscientia
1102 2262 1221 2343 judicis
1239 2267 1366 2332 occide-

216 2350 619 2519 ffss’enffiiinsniunimm
640 2348 693 2412 vcl
713 2349 907 2430 poenitentia
927 2347 1042 2412 biennii
1062 2359 1183 2414 reatum
1204 2355 1365 2436 sauguinis

216 2561 329 2628 bxtu.
350 2559 403 2623 De
423 2556 517 2622 luicis
539 2557 594 2642 qui
615 2558 651 2621 in
671 2551 924 2616 solemnitatibus
944 2551 1115 2633 majoribus
1137 2554 1183 2616 ad
1193 2556 1366 2620 poemen

633 2661 698 2724 non
723 2645 889 2700 occurrunt
904 2635 947 2718 ⁰).
1114 2708 1120 2724 ¹
1219 2680 1224 2685 -

302 2747 348 2808 Ut
368 2747 459 2808 cives
480 2744 533 2824 qui
553 2741 744 2822 superiorum
765 2737 1067 2818 autumniautumni
1084 2747 1139 2804 est
1152 2736 1208 2817 ¹⁰)
1229 2745 1368 2820 paecbae

216 2851 260 2896 so
290 2831 404 2892 natalis
437 2827 552 2891 domini
579 2827 633 2890 vel
659 2832 862 2906 pentecostes
890 2823 1116 2892 festivitatibus
1140 2841 1214 2894 cum
1241 2831 1369 2908 episeo-

218 2919 268 3000 pis
285 2915 339 2996 ¹¹)
365 2916 520 2978 interesse
548 2913 762 2995 neglexerint,
791 2928 863 2972 cum
890 2908 1122 2979 incivitatlbus
1144 2916 1369 2976 communionis

217 3002 270 3066 vel
285 2997 512 3064 benedictionis
526 2993 728 3078 accipiendae
744 3011 843 3058 causa
856 2993 976 3074 positos
992 3013 1029 3056 sc
1043 3011 1140 3058 nosse
1155 2989 1294 3062 debeant
1306 3001 1368 3082 ¹²),

217 3083 349 3152 triennio
371 3104 391 3146 a
412 3080 629 3147 communione
649 3079 807 3162 priventur
828 3079 994 3141 eeclesiae.
1057 3091 1062 3098 '

231 3203 348 3270 nxtv.
375 3200 427 3264 De
448 3199 574 3264 clericis
596 3200 651 3281 qui
671 3198 711 3260 ab
731 3197 887 3342 pcoleap'oc
908 3199 1015 3280 officio
1036 3195 1145 3260 dietus
1166 3171 1358 3264 aotmntluu

753 3301 829 3344 esen
846 3325 854 3343 .

305 3371 341 3437 Si
368 3370 439 3456 quis
468 3372 499 3433 in
527 3371 610 3433 clero
639 3368 831 3430 constitutus
858 3364 897 3454 ab
927 3367 1065 3429 ecelesia
1093 3383 1151 3427 sua
1181 3364 1294 3432 diebus
1315 3387 1371 3432 so-

217 3461 372 3525 lemnibus
392 3457 541 3539 deluerit,
562 3455 593 3518 id
616 3463 668 3518 cst
688 3449 854 3516 uatimtata
876 3451 1006 3533 domini,
1032 3447 1199 3532 epiphania
1216 3453 1289 3534 ¹⁸),
1310 3473 1371 3536 pa-

1257 3553 1261 3562 ι

156 3697 158 3702 ’
262 3680 291 3747 ¹)
310 3686 375 3730 enlm
392 3675 450 3728 add.
469 3673 501 3726 G.
518 3673 555 3725 H.
583 3699 620 3712 ·-·
661 3671 691 3738 Ξ)
709 3677 840 3723 violaverit
858 3668 889 3720 C.
907 3667 942 3719 Η.
975 3695 1013 3714 ,-
1055 3665 1085 3735 8)
1103 3674 1196 3731 patrm
1209 3687 1283 3732 pem.
1302 3689 1369 3723 uuo-

287 3765 342 3800 rem
358 3753 465 3808 ocetptot
482 3745 513 3796 C.
533 3741 606 3808 Hisp.
624 3747 652 3794 et
669 3742 735 3805 lleg.
753 3741 792 3804 F,
810 3741 849 3802 K,
872 3739 926 3790 lor.
943 3739 976 3789 Δ.
1022 3763 1057 3776 -·
1105 3742 1135 3806 ⁴)
1154 3749 1267 3792 conrobr.
1284 3751 1369 3794 coert-

287 3835 365 3870 noeoe
381 3821 516 3872 resociet,
539 3819 603 3872 quod
626 3821 663 3863 tto
682 3819 809 3871 praesenti
830 3819 937 3870 tempore
959 3813 1113 3869 prolitentes
1137 3818 1165 3860 ut
1181 3827 1211 3862 eo
1229 3827 1294 3870 quse
1310 3821 1369 3864 eunt

289 3895 347 3938 unte
369 3903 416 3940 nos
438 3890 552 3936 instituto
574 3897 623 3932 nou
649 3887 812 3932 dissolvamus
834 3880 866 3932 C.
884 3877 1005 3946 Hispal
1023 3877 1091 3942 Reg.
1109 3880 1143 3932 K.
1177 3880 1252 3932 Haec
1270 3883 1367 3936 verba:

290 3963 354 4015 quod
382 3964 418 4008 tto
446 3962 494 4004 etc.
516 3950 595 4003 etiarn
624 3950 651 4002 in
678 3950 745 4014 neg.
763 3947 787 4000 1⁴¹
811 3956 838 4001 et
860 3947 914 4000 ies.
930 3949 955 3998 A
976 3943 1026 3998 luc
1049 3947 1107 3998 loco
1131 3947 1297 4001 exhibentur.
1333 3979 1368 3989 —

265 4020 638 4092 ⁵)purm1teg.u,tes.s‚
656 4025 684 4070 et
702 4018 778 4070 C.H.
796 4046 831 4056 -
856 4017 885 4082 θ)
904 4026 948 4068 out
964 4024 1007 4076 cut
1023 4034 1056 4066 ee
1072 4027 1303 4079 prope—tesan
1320 4019 1368 4070 ds-

291 4098 352 4146 sunt
370 4091 397 4144 in
416 4090 527 4156 RegAE',
543 4091 577 4153 K,
593 4089 690 4153 less,
709 4094 737 4140 et
756 4088 786 4140 C.
804 4086 838 4138 H.
855 4113 891 4124 —
916 4087 944 4151 ²)
961 4092 1097 4148 polluntur,
1116 4103 1196 4140 onus
1233 4094 1304 4144 uent-
1325 4106 1369 4142 us-

293 4179 346 4232 que
369 4161 401 4214 ad
430 4161 530 4212 verba:
561 4167 627 4210 sane
650 4167 820 4220 polensele,
844 4156 911 4220 Reg.
925 4155 962 4222 F,
979 4153 1020 4218 K,
1043 4153 1146 4218 lesu,
1166 4155 1197 4209 C.
1247 4159 1297 4226 isp.
1332 4187 1367 4198 —

265 4238 278 4274 ⁸
312 4239 452 4286 emundubtt
467 4231 534 4294 Bag.
548 4227 582 4294 F,
598 4229 630 4294 tt,
648 4227 701 4280 ies.
718 4227 750 4292 D,
768 4234 795 4278 et
814 4225 844 4276 C.
862 4226 896 4278 H.
930 4253 966 4263 —
1008 4223 1037 4292 ο)
1055 4236 1205 4282 concurrunt
1223 4227 1254 4280 C.
1274 4227 1308 4278 H.
1333 4254 1369 4264 -

244 4307 280 4344 ¹⁰
315 4311 344 4355 sl
360 4311 387 4354 ut
403 4317 481 4364 supro
499 4308 566 4350 cloes
580 4307 736 4360 superiorum
752 4301 930 4347 sotennnotmn
946 4303 999 4345 nott
1016 4295 1047 4346 C.
1065 4295 1100 4348 H.
1145 4325 1181 4335 -
1226 4297 1277 4362 ΙΙ)
1294 4303 1368 4359 ferti-

199 4379 203 4394 *
293 4381 367 4423 ettott
382 4380 449 4423 stem
465 4377 594 4430 wteeopue
610 4367 673 4434 (om.
692 4383 717 4420 v.
733 4373 774 4417 ecl
789 4362 896 4430 pentec.)
916 4362 947 4413 C.
965 4360 1000 4416 Η.
1025 4392 1060 4402 -
1090 4365 1138 4432 ¹²)
1156 4373 1183 4416 ln
1199 4375 1288 4428 outone
1305 4374 1368 4418 clot-

294 4449 386 4492 lotlbus
408 4447 502 4502 posttea
525 4445 682 4498 occtplsndue
704 4453 787 4488 eonem.
805 4440 847 4485 oel
863 4440 949 4483 bened.
967 4439 1091 4484 desider-lo
1108 4444 1235 4488 noverint.-
1263 4445 1306 4495 out
1323 4443 1368 4484 boo

293 4516 380 4572 fucere
393 4513 549 4631 nepleselplnt
565 4506 676 4573 Rep.F,
694 4507 728 4572 R,
745 4506 800 4558 les.
811 4503 846 4570 D,
864 4503 971 4556 Cotton.
989 4506 1016 4554 et
1033 4499 1065 4554 C.
1083 4501 1118 4558 H.
1147 4533 1183 4543 —
1213 4504 1265 4574 1³)
1280 4513 1370 4558 asuelo

289 4586 419 4642 aeptptonto
437 4579 469 4632 C.
514 4613 521 4628 .
554 4601 588 4614 -
