2858 5036
233 249 475 322 wNOllMlll
494 249 1064 326 causammusuantlttm·
1154 255 1218 322 tot
1274 186 1291 368 Ι.

54 424 103 489 V.
151 419 197 486 Ur
215 423 367 504 Mucio
381 425 533 508 principe
551 402 710 507 aapmtea
728 425 844 508 regino
863 427 977 488 atatim
989 423 1031 505 Ι)
1044 431 1078 488 et
1097 431 1216 490 oasim

121 508 319 573 raecum
338 509 478 590 deponat
499 516 532 572 et
552 512 589 590 aba
610 509 759 572 coenobio
780 512 943 594 airglm
960 511 1159 594 aioaea'patw

168 622 172 626 ·
399 651 403 656 .
525 613 746 675 pennomarra.

11 739 13 744 ,
147 676 245 742 lieet
263 675 445 761 plenissime
464 679 496 742 in
517 679 649 744 concilio
668 679 822 743 Toletano
842 679 884 743 de
904 680 1077 762 principum
1096 681 1224 754 relictis

56 764 244 828 institutum
271 763 404 846 fuisset,
430 773 467 828 ut
491 765 566 828 nulli
591 764 710 828 licitum
737 772 827 828 esset
847 769 1054 848 superstitem
1074 764 1217 850 reginam

59 851 97 912 in
123 847 274 934 conjugio
300 849 432 931 ducere,
460 857 516 912 aut
542 849 678 912 sordidis
703 850 903 914 commatibus
928 851 1085 914 maculare
1112 859 1217 933 neque

60 933 224 1000 secuturis
245 935 375 1016 regilius
395 951 457 998 nec
478 935 604 998 cuilibet
617 935 774 998 hominum
789 937 1095 1018 essetpermissum3
1110 945 1217 1000 tamen

61 1021 168 1084 nostri
191 1017 308 1082 ordinis
335 1037 434 1082 carisa
461 1025 538 1102 est,
558 1027 594 1082 ut
621 1016 816 1104 crebrissim0
837 1020 878 1093 ad
898 1021 960 1103 lnce
981 1023 1082 1084 aciem
1101 1021 1219 1084 mentis

62 1113 196 1168 nostrae
227 1103 478 1188 condirigamus,
511 1123 593 1186 quac
625 1105 747 1168 animae
776 1107 932 1170 iutuemur
962 1107 1110 1169 exhibere
1141 1125 1224 1187 pro-¹

62 1192 197 1254 fectum.
231 1189 323 1273 Unde
344 1190 417 1271 quia
436 1189 617 1271 praeteritis
633 1190 826 1272 temporibus
846 1192 1101 1256 mutassemus
1121 1201 1219 1288 atque
1332 1267 1334 1272 Ι

62 1275 278 1360 cognovimus
296 1275 467 1356 principum
484 1275 614 1340 relictas
630 1285 705 1356 post
719 1277 1040 1340 communerationem
1051 1295 1110 1358 ‚pro
1125 1295 1225 1358 apree.

63 1363 179 1444 regni,
206 1359 344 1445 quem²)
365 1359 504 1441 regendo
524 1360 557 1424 in
575 1363 702 1424 cuneda
722 1370 905 1442 tennerunt,
932 1363 1049 1425 nullam
1066 1379 1219 1426 reveren-

62 1448 144 1510 tiam
166 1445 291 1508 honoris
311 1443 352 1508 iis
373 1445 508 1508 adhiberi
530 1465 550 1508 a
569 1445 708 1528 populis,
733 1446 793 1510 sed
813 1448 933 1528 passim
953 1443 1121 1529 unicuique
1142 1443 1218 1528 prc-

64 1533 181 1596 tatum
209 1537 261 1594 est
289 1528 432 1596 diversas
453 1539 654 1596 assumentes
674 1532 861 1608 occasiones
881 1533 1065 1598 nouaclum
1085 1534 1219 1596 latenter

64 1617 98 1680 in
120 1613 276 1694 earuml)
297 1615 519 1679 contrarietate
536 1611 667 1700 insidias
686 1618 861 1700 moliuntur,
879 1637 989 1682 verum
1010 1617 1115 1700 etiarn,
1134 1616 1221 1700 quod

64 1699 200 1766 veritati
219 1697 404 1764 contrarium
428 1708 499 1781 est,
526 1699 701 1781 procaciter
719 1700 818 1766 verba
839 1704 1065 1766 contumeliosa
1086 1704 1117 1768 in
1138 1722 1219 1766 con-

64 1797 171 1850 ventu
197 1786 360 1848 multorum
387 1803 445 1848 eas
470 1784 626 1866 afficiunt,
653 1795 703 1870 et,
729 1787 814 1872 quod
834 1787 918 1851 omni
938 1787 1090 1870 religione
1100 1786 1139 1864 ⁴)
1159 1789 1220 1850 alt-

65 1871 270 1934 eminaudum
300 1879 396 1952 atque
425 1869 610 1938 horrendum
640 1881 715 1954 est,
754 1871 795 1936 de
823 1871 874 1936 his
888 1871 931 1952 ⁵)
960 1872 1126 1938 detrahere
1156 1891 1228 1936 non.

68 1959 197 2037 sinunt,
230 1972 310 2036 quas
336 1956 371 2018 in
392 1958 535 2019 ‘caterva
559 1957 667 2038 populi
694 1965 826 2021 cernunt
853 1975 1064 2038 commorarer
1091 1957 1228 2035 proinde.

66 2052 203 2126 paterna
224 2037 342 2120 pietate
362 2041 508 2104 commoti
528 2049 624 2122 atqua
646 2041 802 2124 condigna
818 2041 902 2106 circa
919 2049 1041 2104 tantum
1054 2041 1175 2107 culmen
1185 2040 1220 2119 ο)

66 2126 293 2210 providentes,
312 2145 369 2208 per
388 2123 484 2208 hujus
503 2125 624 2190 decreti
643 2128 741 2188 nostri
761 2127 910 2210 paginam
929 2145 992 2189 non
1014 2125 1115 2189 selum
1138 2144 1220 2207 quae

67 2215 99 2276 in
120 2211 287 2294 praedicto
308 2208 440 2274 concilio
461 2219 590 2274 exarata
610 2218 687 2274 sunt
707 2210 748 2273 de
770 2210 906 2295 conjuge
924 2211 1096 2293 principum
1110 2220 1222 2274 custo·
1276 2271 1284 2276 .

70 2299 127 2362 diri
162 2297 337 2380 perenniter
366 2303 463 2377 atque
491 2295 579 2373 firma
604 2293 777 2373 stabilitate
805 2293 1014 2363 decerninus.
1029 2313 1221 2382 permanere,

71 2383 130 2448 sed
161 2383 257 2446 etiam
283 2395 324 2444 ea
348 2399 431 2465 quae
455 2391 529 2446 sunt
556 2383 727 2462 conspicua
745 2380 904 2446 honestati
923 2381 1107 2446 necessaria
1127 2383 1221 2444 modo

72 2476 245 2532 annectere
256 2465 290 2546 a)
304 2485 519 2547 procuramus:
540 2475 577 2529 ut
590 2469 727 2530 servatis
747 2469 780 2530 in
801 2468 942 2532 omnibus
963 2466 1222 2544 sanctionibus⁸)

73 2571 231 2618 canonum
258 2553 355 2616 totius
383 2551 528 2614 Toletani
555 2550 698 2632 concilii,
725 2555 810 2633 quae'
836 2551 878 2614 de
905 2549 1077 2631 principum
1103 2550 1224 2614 relictis
1345 2605 1349 2614 .

71 2638 290 2721 promulgatae
316 2645 413 2717 atque
440 2634 589 2700 delinitae
616 2653 691 2697 esse
717 2643 909 2716 naseuntur,
935 2635 1087 2716 deinceps
1113 2633 1223 2698 relicta

72 2721 223 2806 principis
250 2723 441 2802 superiorem
468 2722 657 2784 sententiam
684 2718 801 2784 illibato
828 2721 931 2784 auimo
956 2719 1071 2800 pudice
1090 2737 1224 2781 servans

74 2809 186 2872 statim
207 2807 363 2872 accersito
377 2806 412 2887 θ)
431 2805 475 2868 ab'
492 2805 555 2868 hec
574 2805 704 2870 saeculo
724 2804 863 2888 principe
882 2813 1008 2868 vestem
1028 2803 1224 2868 saecularem
1296 2825 1297 2828 ¹

75 2895 224 2976 deponat,
245 2900 279 2955 et
299 2890 394 2955 alacri
413 2891 595 2954 curiositate
613 2891 773 2975 religionis
787 2891 925 2955 habitum
943 2898 1092 2954 assumat.
1121 2888 1224 2968 Quam

74 2982 174 3044 etiam
208 2985 242 3042 et
276 2975 442 3041 confestim
469 2976 502 3038 in
527 2977 679 3040 coenobio
705 2975 859 3057 virginum
885 2975 1121 3056 mancipandam
1149 2994 1224 3038 esse

76 3081 266 3144 censemus,
293 3069 330 3126 ut
345 3059 400 3140 ¹⁰)
427 3061 466 3124 ab
495 3062 579 3124 omni
599 3060 721 3124 turbine
740 3058 846 3122 mundi
866 3067 1003 3141 remota,
1028 3078 1224 3141 nequaquam

76 3150 207 3214 cuilibet
230 3149 322 3212 locus
347 3145 533 3210 attribuatur
552 3165 609 3226 per
629 3143 713 3227 quod
733 3152 789 3208 aut
808 3145 1027 3210 contumelium
1041 3145 1096 3226 ¹¹)
1117 3155 1225 3210 tantae

50 3232 232 3318 ,potestati
244 3230 299 3311 ¹²)
326 3232 485 3314 ingeratur
511 3240 568 3294 aut
588 3229 714 3295 subdita
732 3229 817 3314 plebi
830 3229 886 3310 ¹³)
913 3229 1060 3296 haesisse
1078 3240 1226 3312 patescat

78 3337 208 3402 quorum
228 3325 303 3382 ante
323 3315 440 3380 dudum
458 3315 662 3396 noscituru)
683 3315 808 3380 demina
827 3315 944 3398 brisse3
964 3316 1024 3378 sed
1043 3316 1121 3378 infra
1136 3318 1226 3379 clau-

79 3414 146 3468 stra
166 3400 348 3467 monasterii
368 3400 439 3486 jugi
463 3401 632 3466 sedulitate
651 3403 826 3483 persistens
846 3408 940 3481 atque
960 3400 1227 3462 sanctimonialem
1283 3425 1287 3430 ¹

79 3491 179 3554 vitam
210 3504 368 3571 peragens
404 3487 444 3550 de
478 3506 576 3570 regno
612 3485 773 3566 temporali
807 3481 1010 3566 opitulatione
1045 3481 1151 3547 divina
1185 3484 1227 3547 ad

79 3593 213 3660 regnum
233 3571 428 3636 aeternitatis
448 3581 604 3636 mereatur
623 3571 795 3652 pervenire.
1305 3565 1310 3574 “
1334 3641 1340 3652 ¹

165 3657 361 3738 Quicumque
389 3655 484 3738 igitur
510 3656 688 3738 superiores
714 3651 973 3732 constitutiones,
1002 3670 1085 3734 qnae
1111 3653 1228 3716 salubri

82 3744 212 3808 oonsilio
231 3761 251 3804 a
271 3741 361 3804 nobis
381 3740 529 3811 delinitae
549 3758 625 3802 esse
645 3746 825 3820 nascuntur,
838 3735 1005 3799 violaverit
1017 3737 1071 3799 vel
1087 3739 1228 3802 execrari

83 3845 279 3911 quacumque
311 3825 448 3890 faotione
475 3824 701 3908 pertentaverit
728 3832 785 3887 aut
810 3822 1008 3904 permiserit,
1042 3822 1164 3886 noverit
1191 3844 1229 3887 se

86 3911 416 3976 excommunicationis
442 3919 661 3994 percepturum
688 3911 877 3973 sententiam
903 3915 999 3988 atque
1025 3906 1120 3972 etiam
1146 3911 1230 3975 exilii

86 3996 290 4062 damnationis
309 3996 453 4059 diuturno
475 4004 614 4076 tempere
634 3996 790 4058 incurrere
806 3991 971 4074 jacturam.

165 4081 311 4146 Peractis
330 4099 454 4176 quoque
475 4101 495 4144 a
515 4082 606 4144 nobis
626 4099 708 4162 quae
727 4097 867 4161 congrua
880 4077 1004 4140 luerunt
1018 4073 1059 4142 de
1073 4079 1231 4144 ordinibus

87 4166 324 4247 ecclesiasticis,
344 4183 377 4230 tn
397 4166 504 4248 prunis
522 4166 694 4231 immensas
714 4161 827 4228 laudea
846 4159 1050 4245 omnipotenti
1071 4155 1131 4228 deo
1151 4164 1233 4246 patri

130 4347 158 4418 1)
174 4357 268 4404 alatam
284 4349 323 4402 M.
357 4375 392 4388 -
433 4348 546 4416 ²)aaoo
563 4347 717 4420 (lod-Aug.
749 4374 786 4390 -·
827 4344 857 4415 ⁸)
875 4363 959 4400 aarum
975 4347 1013 4400 M.
1046 4370 1082 4386 -
1123 4345 1233 4414 streu-

121 4442 124 4446 ·
153 4419 280 4486 ptantM.
314 4443 350 4459 ·-
392 4415 531 4484 ³)ttaM.
565 4445 601 4458 -
642 4417 1020 4486 ⁶)ctrcotoatoculmlaeM.
1060 4443 1109 4468 -1
1138 4415 1233 4485 l>tat-

154 4499 254 4542 certere
275 4489 313 4541 M.
364 4511 401 4526 -
459 4487 639 4556 ⁸)1tacoc.
662 4490 1088 4555 Ang.,amataa..aaeraaaa
1110 4486 1149 4538 M.
1173 4515 1217 4546 ,-

132 4557 353 4626 uanescunt.
377 4563 425 4596 ’-
463 4555 656 4622 1⁰)etotM.
691 4585 728 4597 -
766 4557 981 4624 rueramus
996 4556 1034 4608 M.
1068 4583 1104 4596 -
1143 4555 1235 4620 ¹²)ta

156 4637 252 4691 publico
268 4626 370 4681 addin
382 4624 436 4688 AE,
454 4627 481 4678 al
494 4641 536 4696 ap.
547 4627 585 4682 M.
603 4649 639 4668 -·
660 4627 711 4697 ¹⁸)
728 4627 855 4681 aaaaadd.
866 4626 903 4678 M.
920 4653 955 4665 -
978 4629 1029 4696 Η)
1045 4632 1188 4690 apameam
1196 4625 1234 4676 M.
