2868 5040
224 218 228 224 ’
353 201 594 330 nonomen
620 244 920 331 monviron
941 245 979 330 n.
1178 250 1244 347 ao

53 419 56 430 ¹
87 441 147 500 stit
166 427 279 497 uentu
296 431 496 518 indmebtnr,
506 433 605 518 cuod
621 417 712 500 netas
729 440 805 500 est:
825 432 907 518 quot
926 435 958 500 sl
976 435 1052 522 bat,
1073 432 1243 520 episcopus

41 537 51 548 ‘
85 521 246 584 violenter
260 527 294 582 et
312 539 375 613 non
393 521 534 604 legitimo
556 520 685 590 decreto
706 531 867 614 promotus
886 531 1038 604 perpetuo
1060 521 1242 605 deponatur.

176 619 246 684 ΧΠ.
281 614 396 684 Nullus
418 611 589 704 episcopus
610 619 760 706 episcopo
782 631 1017 708 superponatur,
1031 623 1092 688 nisi
1106 625 1136 690 ei
1150 645 1243 710 quem

86 703 236 788 capitalis
258 706 351 786 culpa
373 703 498 786 dejecit.
783 790 784 794 Ἰ
969 759 976 765 .

176 809 261 870 ΧΙΗ.
292 809 345 870 Ne
367 807 419 872 cui
439 809 535 872 liceat
555 827 608 874 res
629 807 785 875 ecclesiae
806 807 860 872 vel
879 807 1144 876 xenodochiorum
1162 811 1244 874 alici-

87 911 187 957 nare:
217 891 302 974 quod
329 894 358 956 si
383 894 511 974 feeerit,
539 895 838 976 tanquamneoator
857 913 1027 976 pauperum
1044 895 1139 976 juxta
1158 895 1244 974 ants

83 997 173 1059 quos
194 997 332 1040 canones
353 979 392 1041 ab
414 979 552 1064 ecclesia
573 964 757 1042 excludatur
778 977 880 1042 donec
901 981 1085 1044 satisfaciat

175 1077 264 1142 XIV.
304 1063 419 1142 Nullus
439 1079 573 1152 clericus
593 1081 647 1142 vel
668 1081 770 1150 laicus
791 1078 921 1144 alterius
940 1079 1169 1164 cujuscumque
1184 1103 1244 1148 eo-

88 1161 212 1226 clesiae
232 1183 285 1226 res
305 1165 358 1225 vel
379 1170 468 1247 petat
488 1173 544 1227 aut
564 1161 719 1247 accipiat:
741 1166 825 1248 quod
846 1165 874 1228 si
895 1166 1005 1229 fecerit
1025 1167 1132 1240 altaris
1151 1188 1243 1234 eom-

86 1251 238 1312 munione
259 1257 292 1309 et
313 1247 448 1340 omnium
467 1249 594 1313 fratrum
608 1249 749 1343 ³ctoritate
771 1253 911 1332 privetur
930 1247 1195 1320 nisi-satisfaciat.
1296 1297 1299 1300 <
1368 1263 1371 1266 '

177 1350 257 1420 XV„
288 1349 350 1428 Qut
368 1348 586 1414 sacerdotibus
606 1351 660 1414 vel
682 1351 830 1415 ecclesiis
851 1353 904 1414 vel
924 1354 1046 1417 mactis
1066 1355 1146 1418 locis
1166 1373 1244 1432 suu

87 1436 147 1496 vel
170 1443 332 1516 parentum
352 1435 538 1500 donationes
557 1435 728 1519 subtrabit,
755 1444 792 1500 ut
811 1433 943 1512 necator
963 1455 1134 1522 pauperum
1153 1457 1245 1507 cnm-

87 1524 238 1582 munione
257 1522 403 1602 privetur.
519 1551 521 1558 ·
619 1529 621 1538 ’
1257 1542 1261 1560 ι

151 1621 268 1704 ¹llVl.
311 1620 374 1702 Qui
403 1629 512 1686 contra
533 1622 716 1704 episcopum
735 1621 789 1684 vel
811 1627 949 1684 actorem
969 1623 1126 1687 ecclesiae
1147 1621 1245 1696 habet

88 1709 274 1790 negotium,
306 1710 394 1788 prius
421 1708 460 1770 ab
489 1726 528 1770 eo
550 1709 698 1787 ³caritatis
726 1705 830 1772 studio
860 1707 1108 1774 satisfactionem
1134 1717 1245 1790 petat:
1319 1729 1321 1737 ’

88 1791 238 1875 quamsi
260 1792 430 1875 episcopus
452 1792 616 1874 distulerit,
637 1801 671 1856 et
691 1791 790 1855 literis
808 1811 827 1854 a
842 1791 1081 1874 metropolitano
1102 1791 1244 1856 secundo

809 1579 811 1586 t

89 1875 274 1940 ,dmm
305 1877 493 1942 missam
520 1879 574 1940 vet
596 1877 938 1958 ,admstmpelitanum
967 1876 1077 1940 venire
1102 1877 1245 1960 noluerit,
1355 1891 1361 1894 “
1420 1891 1425 1894 “

91 1963 150 2024 ab·
166 1961 308 2044 ejusdem
335 1967 468 2026 caritate
492 1962 536 2025 sit
555 1951 799 2029 uienos‘donec
817 1963 926 2024 veniat
945 1971 980 2024 et
999 1963 1150 2024 rationem
1170 1961 1246 2024 red-'-

91 2046 170 2122 slata
196 2048 287 2129 -qood
315 2051 344 2110 si
369 2045 737 2130 putaverit=apiscopum
761 2045 878 2126 injuste
897 2047 1039 2130 fatigari,
1066 2047 1244 2128 pulsantem

93 2151 179 2194 suno
199 2133 538 2210 uno'scommunionc
558 2131 718 2210 ecclesiae
744 2131 858 2212 privet.
897 2129 935 2194 Si
961 2140 1040 2194 ve'ro
1063 2133 1246 2214 monopoli-³

34 2237 43 2280 .'
93 2225 191 2282 tusa
209 2221 431 2300 aeospbmpo
452 2218 553 2280 bisin
573 2235 634 2280 sua
653 2232 754 2279 causa
773 2217 866 2278 luerit
883 2215 1098 2299 interpellatus
1118 2225 1153 2280 et
1174 2226 1247 2280 eom

92 2301 329 2452 ῃΐῃῆψιῃιῗήι,
357 2307 390 2368 in
409 2305 550 2386 proxima
570 2301 693 2388 synodo
715 2321 736 2366 a
753 2299 954 2386 coepiscopis
974 2321 1075 2376 causa
1093 2303 1248 2396 audiatur,

91 2407 114 2452 e
178 2407 228 2459 but
263 2407 286 2454 r·
411 2409 416 2414 ’
455 2427 461 2437 “
1121 2418 1128 2442 ’“

496 2615 837 2650 ‘W

172 2839 470 2983 cononum
492 2897 861 2990 unnnnunnsn
889 2867 1213 3000 communius

568 3095 766 3118 m

98 3195 222 3302 Hanc
242 3235 461 3320 superomnia
482 3252 588 3300 curam
607 3234 703 3299 decet
722 3254 799 3300 esse
818 3233 992 3318 pontilicis,
1018 3244 1054 3298 ut
1081 3233 1121 3300 tle
1142 3232 1278 3325 eccle-¹,
1322 3229 1324 3234 ’

35 3339 40 3350 ’
100 3334 211 3394 siabos
232 3331 292 3394 deo
310 3331 442 3412 juvante
468 3329 529 3392 sibi
558 3329 736 3392 commissis
764 3339 911 3407 tanquam
940 3327 981 3389 de
1009 3325 1131 3409 propria
1158 3347 1251 3408 quam

101 3415 188 3500 regit
207 3435 282 3480 eura
301 3411 576 3496 sollicitudineque
590 3413 803 3476 indesinenter
823 3410 976 3491 invigilet,
1004 3421 1040 3470 nt
1059 3411 1253 3490 frequentius

101 3503 308 3584 aggregatis·
326 3500 486 3581 episcopis
520 3507 639 3562 statuta
674 3511 826 3559 canonum
858 3492 987 3572 saepius
1018 3494 1188 3576 relegendo
1220 3497 1252 3556 in

103 3605 212 3650 eorum
231 3587 346 3648 acinis
364 3582 494 3647 caritate
515 3581 744 3645 interveniente
764 3575 1000 3659 commendent,
1022 3587 1057 3640 et
1076 3580 1160 3660 quod
1180 3589 1253 3642 sta-

103 3681 206 3734 msam
226 3679 278 3734 est
298 3668 607 3750 irreprehensibiliter
626 3666 741 3728 debeat
761 3663 926 3743 custodiri,
952 3671 988 3726 ct
1009 3664 1044 3725 ‘si
1064 3660 1137 3746 quid
1157 3665 1254 3728 forsi-
1274 3721 1279 3727 .

102 3767 160 3822 tan
180 3755 392 3824 statuendam,
410 3770 510 3816 causa
534 3751 737 3836 0suggessertt
761 3744 946 3812 unanimiter
968 3747 1165 3812 observanda
1190 3747 1275 3812 ἀοι,

105 3851 263 3905 cernant:
287 3841 399 3920 ltaque
428 3855 500 3900 cum
527 3838 560 3898 in
586 3832 766 3900 Arelatensi
793 3835 871 3896 urbe
895 3830 1111 3913 episcopcrum
1140 3832 1253 3898 luisset
1373 3859 1377 3870 ¹

104 3926 249 4010 synodus
270 3931 448 4006 aggregata
467 3940 523 4003 pro
542 3921 733 3984 necessariis
752 3920 857 3999 rebus,
881 3918 1069 3980 rationabile
1084 3937 1159 3982 esse
1179 3939 1253 3984 cre·

104 4009 256 4090 didimus,
279 4008 416 4090 antiquis
437 4005 607 4069 canonibus
624 4025 687 4068 non
709 4003 918 4088 derogantes,
946 4021 1049 4083 pauca
1069 4011 1175 4068 tamen
1196 4025 1251 4084 pro

104 4113 215 4158 eorum
241 4094 384 4156 ordinatu
411 4093 471 4155 deo
500 4089 640 4171 adjutore
666 4083 876 4169 subjungere:
904 4088 1018 4166 quibus
1045 4089 1107 4151 hoc
1134 4089 1252 4151 roboris

102 4181 209 4262 magis
229 4194 304 4240 esse
330 4177 537 4255 credidimus,
564 4171 648 4256 quod
668 4192 688 4236 a
708 4170 846 4252 plurimis
867 4173 1000 4237 caritate
1021 4172 1249 4237 interveniente

103 4263 375 4329 consentientibus
395 4278 491 4344 prona
512 4261 675 4322 voluntate
694 4257 848 4320 firmatum
869 4263 929 4319 est.

152 4485 181 4553 ¹)
199 4483 331 4535 Collatum
354 4481 387 4533 ad
410 4497 471 4533 mss.
494 4477 571 4530 codd.
595 4477 662 4542 lleg.
678 4479 716 4542 B,
739 4477 792 4529 les.
810 4476 843 4530 A.
876 4478 907 4530 ln
924 4477 991 4542 lieg-
1008 4475 1048 4540 Α,
1064 4475 1103 4542 Ε,
1127 4481 1155 4530 et
1169 4482 1253 4532 reteri
1308 4474 1314 4482 '

177 4551 334 4605 collectione
352 4548 425 4615 regis
443 4546 560 4602 nonnolli
578 4551 679 4598 tantum
697 4555 811 4600 canones
827 4545 919 4599 inserti
937 4549 1006 4597 sunt.
1029 4545 1113 4598 Deest
1130 4545 1180 4600 ltoc
1196 4563 1254 4600 cunr

62 4637 65 4664 ¹
179 4621 300 4678 ottonibus
328 4637 396 4690 quss
421 4623 568 4687 sequnntur
594 4617 712 4670 conciliis
739 4608 882 4670 Gallicanis
909 4615 935 4666 in
964 4613 1039 4666 codd.
1063 4615 1140 4685 Hisp.
1175 4643 1210 4656 -
