2874 5044
383 241 632 332 ¹aetcecruun
659 243 999 312 munnam·
1259 239 1283 306 ⁷

243 463 245 470 .
333 411 484 480 XXXVI
525 411 577 480 Ne
590 419 743 502 picturae
764 418 800 480 ire
821 415 1069 498 erebrtajtaot

144 511 148 519 ·
212 495 337 562 Placuit
356 497 496 580 picturas
517 503 550 562 in
570 501 709 570 ecclesia
729 521 805 590 esse
826 521 887 564 non
908 499 1044 582 debere',
1077 519 1118 562 ne
1135 496 1168 576 ¹)
1194 494 1278 580 quod

49 600 51 613 ¹
124 579 237 644 colitur
258 581 336 663 eti)
364 583 508 650 adoratur
527 587 559 648 in
578 587 750 667 parietibus
772 586 968 670 depingatur.

268 683 435 751 XXXVII.
476 687 529 752 De
549 690 767 774 energumenis
787 709 853 752 aaa
873 689 1076 774 baptizandis
1091 684 1135 766 8)

208 769 277 831 lios
298 772 351 852 qui
374 773 414 833 ab
435 773 600 838 immundis
621 773 781 856 spiritibus
801 785 966 857 vexantur,
987 775 1016 840 si
1036 775 1068 838 in
1087 771 1150 834 line
1169 767 1279 833 mortis

124 851 239 914 fuerint
258 854 437 938 emunda,
463 859 615 940 baptizari
635 861 763 943 plecet3
790 862 821 923 si
845 859 958 925 fideles
984 859 1115 939 merim,
1135 853 1278 920 danum

127 956 203 998 esse
217 943 471 1007 communionem
505 944 735 1010 Prohibendam
757 947 853 1012 etiarn
873 967 914 1010 ne
934 948 1080 1010 lucernas
1099 943 1133 1006 hi
1152 941 1278 1026 pubice

111 1025 322 1108 *accendent3
352 1029 381 1089 si
406 1029 515 1095 tacere
539 1041 649 1096 canna
674 1031 874 1098 interdictum
895 1033 1067 1114 volueriut,
1094 1029 1278 1092 abstinean-

121 1107 220 1188 ιαμ)
242 1129 263 1173 a
282 1114 506 1180 communione.

242 1219 421 1286 XXXVIII.
468 1223 512 1288 Ut
526 1227 567 1290 ia
587 1229 780 1290 dementata
800 1235 834 1290 et
844 1226 961 1310 fideles
982 1227 1156 1310 baptizent.

144 1343 147 1354 ·
208 1303 296 1367 hoec
308 1306 342 1390 5)
360 1326 494 1392 peregre
511 1314 701 1396 navignrtes
722 1321 779 1376 aut
799 1315 828 1376 si
849 1313 988 1378 ecclesia
1006 1314 1147 1394 proximo
1159 1303 1195 1386 8)
1214 1321 1278 1368 nau

122 1387 233 1468 fuerit,
253 1410 371 1473 passe·
385 1393 528 1480 nauem,
556 1393 611 1479 qui
629 1399 789 1482 lavacrum
809 1416 901 1464 suum
920 1400 1078 1481 integrum
1098 1395 1196 1481 habet
1215 1407 1277 1454 nec
1336 1467 1338 1472 ι

120 1481 165 1536 sit
194 1475 356 1559 bigamus,
383 1477 546 1560 baptizare
573 1483 604 1546 iu
630 1485 826 1549 necessitate
853 1483 1037 1548 infirmitatis
1057 1482 1195 1564 positum
1217 1496 1276 1540 ca-

120 1558 344 1627 techumenum
355 1610 367 1645 ‚
396 1566 441 1628 ita
467 1575 504 1629 ut
529 1569 557 1630 si
582 1564 792 1650 supervixerit
821 1567 862 1634 ad
889 1570 1074 1651 episcopum
1102 1583 1174 1628 eum
1200 1583 1276 1646 per-

103 1643 234 1737 ducat,
261 1657 297 1739 ut
318 1669 375 1734 per
395 1669 506 1714 marrus
525 1653 755 1736 impositionem
775 1653 884 1738 perfici
897 1653 931 1734 ⁷)
951 1654 1063 1738 possit.

118 1755 270 1820 XXXIX.
306 1760 358 1822 De
378 1760 552 1844 gentilibus
572 1765 604 1825 ei
623 1765 659 1826 ia
680 1761 864 1832 discrimine
886 1764 1048 1848 baptizari
1069 1757 1274 1846 eepetarrt⁸).

148 1853 153 1860 '
207 1841 355 1908 Gentiles
370 1845 400 1909 si
420 1846 452 1908 in
472 1845 648 1911 inllrmitate
664 1846 911 1914 desideraverint
925 1849 985 1913 sibi
1005 1865 1128 1912 manum
1149 1845 1275 1926 imponi,

119 1925 149 1988 si
179 1927 272 1992 merit
299 1947 406 1994 eorum
433 1949 475 1993 ex
495 1933 598 2014 aliqua
618 1943 708 2018 parte
729 1937 864 2002 honeste
882 1937 969 2018 ulta,
996 1933 1115 2016 placuit
1134 1933 1183 1992 eis
1203 1947 1275 1992 ma-

121 2033 197 2075 num
219 2015 335 2100 imponi
356 2011 476 2080 etheri
498 2017 703 2082 Christianos.

160 2123 230 2188 xm
285 2119 338 2192 Ne
364 2127 402 2190 id
429 2127 513 2210 qaod
541 2127 751 2214 idolothytum
778 2140 827 2194 eet
842 2130 877 2210 ο)
904 2127 1022 2214 fideles
1056 2128 1230 2212 accipiant.
1258 2139 1261 2146 ’

117 2246 123 2254 -
205 2210 366 2273 Prohiberi
386 2213 525 2295 placuit,
553 2223 589 2278 ut
610 2233 682 2279 curn
703 2217 841 2282 rationes
861 2235 938 2280 suas
959 2217 1273 2299 accipiunt-posses-

119 2311 220 2378 sores
240 2295 388 2378 quidquid
409 2297 450 2372 ad
471 2295 585 2362 idolum
606 2300 713 2365 datmn
734 2303 837 2387 fuerit,
859 2309 992 2404 accepto
1013 2321 1076 2364 non
1097 2293 1272 2374 ierant¹⁰]:

119 2381 149 2441 si
169 2389 242 2462 post
267 2379 470 2446 interdictum
495 2380 646 2468 iecerint,
675 2405 732 2470 per
752 2386 954 2472 quinquennii
973 2387 1078 2470 spatia
1098 2389 1272 2469 temporum

118 2469 376 2531 ceommuniono
397 2487 473 2532 esse
493 2471 656 2535 arcendos.
752 2511 755 2518 ‚
1152 2469 1154 2474 ’
1196 2493 1202 2498 ’

115 2611 119 2618 ·
160 2576 241 2640 XLI.
289 2575 332 2642 Ut
353 2579 548 2662 prohibeant
576 2579 698 2645 domini
724 2582 812 2646 idota
834 2582 936 2646 calere
955 2583 1055 2645 seroie
1077 2583 1143 2642 iaie
1163 2577 1226 2658 Η).

203 2659 374 2726 Admoneri
394 2665 513 2746 placuit
532 2662 662 2746 fideles,
689 2674 725 2728 ut
746 2669 776 2728 iu
799 2675 947 2749 quantam
968 2665 1168 2747 possunt12)
1197 2681 1272 2744 pro-

114 2745 247 2811 hibeant
275 2769 315 2812 ne
344 2749 428 2812 idola
454 2751 486 2812 in
507 2748 650 2814 domibus
670 2753 739 2815 suis
758 2753 915 2816 habeant:
946 2753 975 2814 si
1004 2769 1081 2813 vero
1107 2751 1172 2812 vim
1200 2767 1273 2810 me-

114 2841 211 2897 tuunt
226 2851 396 2915 servorun,
416 2835 467 2897 vel
485 2853 526 2899 so
546 2837 636 2918 ipsos
654 2855 750 2921 puros
770 2846 976 2922 conuervcut3
998 2838 1027 2904 si
1046 2855 1108 2906 nou
1127 2835 1269 2914 iecerint,

114 2921 210 2984 alieni
231 2919 271 2984 ab
292 2921 430 2984 ecclesia
450 2921 631 2985 habeantur.
1314 2925 1318 2934 ’

133 3029 235 3095 XLII.
269 3029 322 3093 De'
340 3031 390 3093 tte
412 3033 467 3116 qai
488 3031 533 3094 ad
542 3033 646 3116 fidem
666 3036 799 3096 veniunt
819 3034 945 3118 qrreado
957 3031 1013 3114 18)
1035 3033 1246 3117 baptizentur.

199 3117 267 3179 Mos
289 3115 342 3198 qui
363 3115 404 3182 ad
423 3117 552 3198 primam
572 3116 667 3180 fidem
686 3118 881 3184 credulitatis
907 3118 1080 3199 accedunt,
1110 3120 1138 3182 si
1166 3119 1268 3179 bonae
1353 3175 1357 3180 .

94 3201 231 3264 'medat
256 3203 522 3284 conversationis,
549 3204 629 3266 intra
648 3204 804 3268 biennium
825 3203 1065 3287 campanen)
1086 3205 1204 3284 placuit
1225 3201 1266 3264 ad

113 3289 264 3369 baptismi
290 3290 423 3378 gratiam
449 3287 570 3351 admitti
597 3289 733 3373 debere,
768 3293 829 3356 uisi
856 3291 1034 3355 infirmitate
1062 3289 1268 3372 compellente

114 3374 366 3521 coegepittmbla
394 3373 537 3439 velocitas
555 3372 613 3454 Η5)
643 3373 812 3442 fflbveuue
839 3375 1030 3459 periclitanti
1054 3377 1107 3438 vel
1136 3375 1269 3458 gratiam

136 3467 262 3524 ostuan
276 3460 296 3521 i.
641 3501 644 3506 -
880 3471 884 3484 ’
1229 3485 1235 3498 ν

111 3481 133 3544 p
312 3601 315 3608 .
357 3541 469 3607 dell.
510 3543 561 3610 Dc
583 3545 795 3612 celebratione
809 3555 1039 3633 pentecostes.

200 3631 336 3697 Pravam
355 3631 582 3694 institutionem
603 3635 760 3698 emendari
780 3637 899 3718 placuit
921 3633 1015 3714 juxta
1046 3631 1268 3695 auctoritatem

112 3716 356 3798 scriptoram,
383 3725 421 3778 ut
448 3719 555 3782 euecti
581 3716 664 3786 aba
691 3728 900 3800 pentocostes
927 3718 1145 3799 celebremus,
1178 3736 1219 3778 ne
1239 3717 1267 3778 si

112 3803 188 3886 quis
208 3801 484 3886 nonfeee1·it¹⁶),
510 3803 693 3884 novamfl)
712 3805 868 3870 haeresim
889 3803 1050 3871 induxisse
1069 3810 1203 3868 notetur.
1244 3885 1247 3888 Ι
1289 3868 1292 3872 ,

152 3985 181 4051 ¹)
198 4001 246 4036 aec
261 3985 307 4036 AE.
324 3987 380 4039 BR.
398 3988 431 4040 Ε.
445 3988 470 4040 3.
489 3988 522 4040 Τ.
535 3991 559 4042 l.
572 3991 598 4041 2.
632 4016 670 4060 -ξ
703 3990 733 4058 ²)
752 3989 936 4054 aatAgaIrre.
967 3995 1004 4030 ·'-
1038 3991 1267 4054 ⁸)'baalizallaM

149 4054 182 4123 ⁴)
200 4063 339 4109 meliorant
356 4058 393 4109 M.
410 4082 448 4098 -·
464 4066 637 4111 abstineantur
653 4060 682 4112 in
699 4077 747 4112 ms.
764 4059 815 4112 hoc
832 4065 942 4112 tantum.
970 4060 1054 4113 Hand.
1088 4088 1125 4102 -·
1167 4061 1195 4128 b)
1213 4069 1268 4113 loco

185 4124 260 4198 deest
277 4139 318 4193 ap.
335 4127 374 4180 M.
407 4151 444 4167 -
483 4129 512 4195 t)
531 4137 558 4180 ta
573 4140 687 4192 morteto
703 4131 740 4182 Μ.
774 4155 814 4170 -·
853 4130 881 4196 7)
900 4137 1021 4194 prolicere
1037 4133 1075 4182 M.
1108 4156 1146 4172 ’-
1184 4131 1214 4197 ⁸)
1235 4137 1268 4186 Ut

89 4245 92 4249 .
183 4201 316 4256 acnttbbae
333 4204 531 4250 dmtaaanttbar
547 4216 635 4251 manue
651 4207 792 4260 damnatur
802 4199 830 4255 in
842 4217 877 4252 m.
888 4201 926 4252 M.
944 4232 979 4242 -
996 4201 1029 4254 ci.
1043 4201 1126 4254 Gonc.
1138 4201 1267 4255 Arelate

185 4280 208 4316 a.
225 4263 254 4317 6.
291 4291 328 4304 -
368 4267 397 4336 ⁹)
416 4274 454 4320 Ne
471 4271 502 4320 ee
519 4276 565 4320 bae
582 4277 738 4330 candidatio
755 4277 839 4325 detaut
856 4271 940 4323 estin
957 4287 991 4323 m.
1008 4271 1045 4324 M.
1079 4298 1117 4309 —
1155 4272 1204 4337 ¹⁰)
1222 4289 1266 4323 ac-

185 4342 283 4396 ceptam
298 4352 348 4388 aaa
364 4341 476 4399 referant
493 4337 538 4401 M„
554 4343 665 4401 ternant
681 4338 804 4404 Agnirre.
825 4366 863 4382 -·
895 4341 944 4408 Η)
962 4350 1016 4394 eutr
1032 4341 1107 4394 deest
1123 4357 1165 4411 ap.
1182 4343 1219 4395 Μ.
1232 4367 1268 4380 ··-

127 4405 179 4466 ι1)
198 4411 295 4468 paeetrtt
310 4405 348 4458 M.
385 4429 423 4447 -
461 4407 510 4475 1⁸)
528 4418 646 4470 anorrroao
664 4410 692 4462 in
711 4426 744 4462 rn.
761 4411 799 4464 M.
833 4435 869 4451 ·-
909 4410 957 4478 Η)
977 4412 1266 4474 innammabant.

126 4473 179 4543 Η)
197 4482 237 4526 eet
254 4482 324 4526 cetur
341 4476 368 4530 in
386 4481 404 4528 t.
410 4514 420 4541 ,
443 4483 485 4530 ael¹
499 4489 567 4532 socio
584 4480 613 4534 in
630 4497 664 4534 m.
682 4479 719 4533 M.
759 4506 795 4520 -·
840 4479 890 4548 ¹⁶)
909 4488 971 4532 atera
988 4491 1082 4544 pentec.
1100 4492 1157 4545 poet
1172 4491 1266 4542 euecta

183 4552 346 4608 celebrentur.
369 4563 419 4600 aon
435 4555 646 4612 caetraeeeaaam
662 4560 712 4603 atet
729 4560 967 4616 eutaauaaertmaur:
992 4561 1034 4613 aut
1051 4569 1099 4604 non
1116 4559 1205 4615 feccrit
1227 4551 1264 4600 M.

184 4619 211 4668 ct
229 4614 263 4668 T.
278 4615 302 4668 l.
337 4642 373 4656 -
405 4619 455 4686 11)
474 4624 546 4681 aucei
562 4638 648 4674 navem
666 4622 694 4674 in
710 4637 744 4674 m.
763 4619 800 4672 M.
835 4645 870 4660 --
