2858 5036
312 245 588 327 „CONClLlUM
609 247 880 314 Hrsrnhtthn
902 249 939 312 11.
1174 251 1217 315 83
1254 193 1257 200 1

39 419 257 485 traditionem
279 416 435 483 dominum
456 425 595 482 nostrum
615 419 728 482 Jesum
744 416 904 483 Christum
924 421 954 482 in
976 419 1098 482 duabus
1117 431 1214 484 natu-

41 507 92 572 ris
128 513 167 568 et
183 504 218 585 ¹)
253 504 450 586 inconfusis,
485 505 517 567 id
546 514 598 567 est
623 505 794 568 divinitatis
811 513 860 567 'ct
894 503 1114 588 humanitatis,
1150 527 1213 570 una

41 610 197 673 persona
216 591 287 652 sive
307 591 484 652 substantia
498 588 533 670 ²)
562 589 712 653 confiteri.
753 591 839 653 ldem
865 601 939 671 post
965 593 1048 654 alia:
1079 591 1115 654 Si
1135 593 1213 674 quis

43 680 156 761 igitur
171 674 211 754 8)-
235 677 266 736 in
293 674 416 736 domino
443 683 550 737 nostro
577 677 658 737 Jesu
678 675 806 738 Christo
833 687 888 738 aut
910 677 989 739 duas
1011 683 1138 740 naturas
1158 687 1213 740 aut

43 780 154 824 unam
183 761 316 823 noluerit
343 758 413 822 sive
441 759 629 822 dubitaverit
656 759 785 823 credere
813 781 852 824 ao
866 756 901 840 ⁴)
930 762 1112 842 praedicare
1138 783 1213 841 per·
1325 786 1330 791 ·

46 865 189 927 sonam,
216 846 271 907 vel
299 845 328 906 si
356 845 426 926 quis
452 846 585 907 noluerit
605 845 747 907 confiteri
773 836 917 910 eumdem
932 846 966 923 ⁵)
996 844 1090 908 deum
1117 856 1213 927 atqua

45 933 236 1009 hominem,
255 929 302 1018 ¹id
334 939 385 990 est
417 930 547 992 verbum
581 931 772 992 incarnatum
803 930 843 992 de
871 931 973 992 Maria
1006 933 1129 1014 uirgine
1157 949 1213 1012 pro

48 1025 171 1088 nostra
191 1015 294 1076 salute
316 1014 472 1092 veraciter
493 1022 617 1094 natum,
639 1022 760 1076 tanturn
782 1016 939 1078 catholica
958 1013 1021 1080 lide
1041 1017 1215 1096 reprehen-

50 1103 143 1164 ditur
156 1099 190 1178 ο)
220 1118 259 1160 ac
280 1095 510 1162 demonstratur
529 1107 718 1181 extraneus,
747 1107 781 1161 ut
801 1110 1000 1162 sacramento
1022 1099 1215 1181 redemptio-

49 1189 107 1249 nis
130 1187 289 1247 humanae
309 1185 437 1246 resistat
457 1185 609 1268 ingratus.
654 1185 698 1246 Et
724 1184 817 1266 paulo
845 1195 937 1265 post:
968 1183 1108 1248 Verbum
1136 1205 1214 1270 ergo

49 1291 132 1335 caro
155 1272 274 1332 factum
295 1288 376 1331 unus
397 1278 431 1330 et
451 1271 562 1349 plenus
584 1276 636 1330 est
656 1267 817 1351 Christus,
843 1290 925 1332 unus
946 1290 988 1332 ex
1008 1279 1140 1351 utraque
1161 1279 1215 1333 at-

50 1378 121 1440 que
145 1357 178 1416 in
199 1365 346 1436 utraque,
369 1353 400 1416 id
421 1353 518 1434 est')
540 1354 674 1417 humana
696 1354 863 1436 divinaque
882 1363 1007 1437 natura,
1029 1356 1060 1418 ia
1082 1369 1143 1436 quo
1165 1355 1214 1418 sio

51 1444 225 1522 utriusque
244 1449 374 1502 naturae
395 1459 523 1520 prorsus
552 1441 648 1502 unitio
676 1436 813 1522 gloriosa
840 1441 994 1503 subsistat
1006 1439 1058 1521 ⁸),
1085 1448 1121 1502 ut
1142 1436 1232 1508 sive,

52 1525 217 1590 divinitati
237 1526 356 1588 Christi
374 1525 599 1588 humanitatem
619 1526 689 1605 quis
714 1526 837 1604 demat,
866 1523 937 1594 sive
958 1525 1141 1588 humanitati
1163 1525 1227 1588 di-.

52 1614 225 1675 vinitatem
248 1610 401 1691 detrahat,
417 1609 577 1673 Christum
598 1610 754 1696 sacrilega
774 1610 956 1683 infidelitate
978 1619 1011 1674 et
1031 1612 1223 1694 blasphema,
1245 1674 1247 1680 s

53 1697 295 1781 praedicatione
317 1693 481 1770 dissolvat.
522 1697 602 1758 Item
622 1695 714 1775 paulo
742 1701 834 1778 post:
866 1691 1012 1758 Christus
1034 1687 1095 1777 'pro
1123 1689 1215 1758 nobis

57 1793 113 1846 est
131 1803 228 1846 carne
246 1800 372 1862 passus,
393 1781 446 1861 qui
467 1780 507 1842 de
529 1780 588 1844 deo
609 1789 698 1859 patre
719 1781 807 1843 solus
827 1789 922 1843 natus
943 1791 994 1843 est
1014 1781 1215 1861 impassibilis
1328 1831 1332 1838 .

58 1871 150 1931 deus.
184 1867 289 1948 lpsum
306 1869 412 1947 itaque
428 1864 588 1928 Christum
604 1854 699 1927 filium
717 1865 769 1927 dei
783 1885 839 1946 pro
860 1867 950 1931 nobis
971 1875 1101 1928 mortem
1122 1884 1217 1938 carne

59 1963 218 2033 gustasse
238 1954 329 2014 salva
350 1949 579 2013 immortalitate
600 1949 774 2012 divinitatis
794 1950 1035 2030 ejusveraciter
1052 1949 1227 2027 credimus.¹

59 2041 105 2102 Et
134 2040 245 2100 iterum
275 2045 348 2117 post
374 2036 455 2098 hoo:
490 2036 557 2098 Sed
573 2034 607 2114 ⁰]
635 2035 707 2116 quia
733 2054 795 2097 non
824 2045 876 2098 est
904 2035 984 2098 alter
1011 2035 1111 2116 deus,
1139 2036 1218 2096 alter
1276 2047 1279 2058 ’

59 2127 173 2203 homo,
208 2121 266 2186 sed
293 2121 376 2184 idem
401 2139 483 2182 unus
511 2129 563 2182 est
588 2119 735 2183 Christus
763 2119 844 2182 deus
873 2129 907 2181 et
932 2115 1044 2202 homo,
1066 2119 1216 2199 'prolecto

59 2210 146 2272 idem
167 2207 247 2270 deus
269 2206 415 2270 Christus
436 2214 488 2268 est
509 2203 563 2287 qui
583 2214 713 2267 mortem
732 2224 792 2268 sua
807 2203 862 2285 ¹⁰)
884 2223 978 2267 came
999 2202 1160 2288 suscepit,
1184 2214 1217 2267 et

61 2295 148 2357 idem
181 2294 273 2356 homo
303 2292 450 2354 Christus
478 2300 529 2354 est
557 2291 610 2373 qui
638 2299 768 2354 mortem
785 2293 860 2352 'sua
875 2289 929 2369 ¹⁰)
964 2290 1127 2354 divinitate
1157 2290 1217 2352 de-

64 2380 190 2444 struxit.
242 2377 327 2440 ldem
362 2377 476 2458 quippe
503 2374 649 2439 Christus
681 2376 733 2438 dei
759 2374 842 2438 lilius
870 2376 923 2457 qui
948 2375 1112 2439 divinitate
1141 2375 1218 2438 mori

65 2485 128 2528 non
155 2462 276 2545 potuit,
302 2481 395 2525 carne
422 2468 562 2524 mortuus
589 2471 655 2541 est,
684 2479 777 2540 quam
793 2459 848 2538 ¹¹)
875 2461 1036 2522 mortalem
1056 2461 1136 2523 deus
1156 2458 1218 2520 im-

64 2549 205 2613 mortalis
226 2548 423 2634 accepitpet
444 2547 525 2610 idem
541 2545 597 2623 ¹²)
618 2547 766 2609 Christus
788 2543 838 2606 dei
859 2545 941 2606 filius
963 2565 1057 2606 carne
1078 2551 1219 2606 mortuus

65 2631 235 2700 resurrexit
264 2635 337 2716 quia
361 2631 622 2710 immortalitatem
636 2633 726 2690 'suae
756 2628 927 2688 divinitatis
955 2647 1049 2690 carne
1078 2631 1219 2690 mortuus

67 2741 130 2784 non
155 2715 272 2784 amisit.
318 2718 402 2780 Hinc
433 2723 484 2778 est
512 2714 595 2797 quod
623 2714 718 2776 etiam
744 2719 818 2794 post
844 2711 1102 2777 resurrectionem
1128 2724 1229 2788 snam·

69 2809 153 2870 sicut
174 2807 206 2865 in
225 2803 424 2866 cicatricibus
439 2803 525 2863 veris
547 2807 581 2862 et
601 2800 633 2860 in
653 2817 731 2867 vera
752 2798 945 2880 comestione
964 2797 1064 2880 piscis
1086 2805 1120 2860 et
1139 2797 1222 2859 mel·
1250 2799 1277 2856 .’

68 2895 109 2954 lis
137 2888 324 2953 soliditatem
353 2889 384 2948 in
410 2905 446 2949 se
473 2902 570 2948 verae
598 2886 700 2946 earnis
727 2881 870 2964 edocuit,
897 2886 943 2945 ita
965 2878 1082 2947 clausis
1102 2884 1221 2954 loribus

70 2974 249 3060 ingrediens
269 2991 378 3035 veram
399 2973 488 3034 inse
510 2972 659 3032 uirtutem
680 2969 889 3049 sempiternae
912 2967 1084 3030 divinitatis
1109 2978 1222 3030 osten-

73 3063 135 3144 dit,
162 3069 198 3122 ut
225 3066 452 3142 agnosceretur
473 3064 507 3118 et
527 3055 676 3117 naturalis
697 3053 797 3114 fuisse
818 3053 935 3114 Christi
956 3053 1114 3116 morientis
1135 3053 1222 3116 iulit-
1292 3063 1293 3066 ’

72 3151 181 3226 mitae,
201 3153 235 3206 et
256 3134 358 3206 didem
379 3142 556 3224 resurgenti
576 3139 724 3200 naturalis
745 3138 851 3199 inesse
872 3137 1034 3220 majestas.

11 3227 12 3230 ’
156 3232 247 3293 llaec
278 3227 403 3311 quidem
439 3245 520 3308 quae
556 3233 620 3286 tam
649 3222 774 3286 divinae
803 3224 978 3303 scripturae
1006 3243 1099 3305 quam
1128 3222 1223 3284 etiam

76 3324 251 3380 sanctorum
278 3323 399 3396 patmm
426 3311 549 3392 eloquia
576 3309 762 3388 docuerunt,
792 3307 929 3369 decretis
950 3308 1067 3370 nostris
1087 3308 1233 3394 breviter,

77 3405 192 3464 inserta
217 3400 416 3482 protulimus,
444 3397 696 3460 demonstrantes
725 3393 879 3474 geminam
908 3390 1010 3453 carnis
1037 3401 1070 3453 et
1097 3391 1225 3452 deitatis

77 3497 214 3551 naturam
239 3486 270 3545 in
298 3502 361 3546 una
387 3482 502 3544 domini
530 3489 563 3540 et
591 3478 759 3541 salvatoris
786 3476 884 3536 nostri
910 3495 1059 3557 persona,
1096 3493 1224 3557 passum
1293 3493 1295 3496 ·

78 3591 199 3654 quoque
226 3570 370 3631 eumdem
398 3569 430 3630 in
457 3586 497 3627 ea
522 3573 633 3626 natura
655 3579 735 3644 quae
757 3557 895 3639 corporis
917 3570 984 3638 est,
1013 3578 1075 3622 non
1096 3577 1225 3640 passum

16 3723 25 3734 ,
78 3661 109 3719 in
135 3677 173 3718 ea
197 3663 309 3717 natura
336 3673 417 3735 quae
442 3651 573 3714 deitatis
601 3657 661 3710 est.
702 3645 763 3707 His
784 3643 881 3724 igitur
902 3643 1048 3707 concordi
1068 3644 1233 3706 sententia·

80 3747 111 3805 in
142 3740 238 3802 tribus
268 3739 448 3802 secretariis
480 3731 616 3811 delinitis
648 3750 704 3812 pro
741 3729 974 3792 confirmatione
1007 3731 1057 3792 sui
1088 3729 1233 3812 proprias

81 3825 324 3906 subscriptiones
339 3824 393 3908 ¹?)
414 3819 613 3902 subjecimus.

125 4004 152 4109 1³)
174 4052 199 4094 et
223 4042 298 4095 deest
321 4055 363 4108 ap.
386 4039 424 4091 Μ.
464 4061 501 4078 -
552 4033 583 4101 ²)
606 4051 680 4088 unone
703 4047 834 4094 permacra
856 4037 915 4106 atae
933 4038 1096 4088 autatonttam
1117 4035 1154 4088 Μ.
1195 4057 1232 4074 -·

125 4105 544 4246 ”fflfflgm‘fflfflmlffi
565 4101 880 4237 -uopnepmuen
896 4101 1153 4238 apssth'ea'rhu‘hfl
1165 4111 1230 4233 2⁰3-
1290 4216 1293 4231 .

149 4259 221 4302 auru
237 4251 282 4301 ΛΞ.
307 4249 364 4302 BR.
386 4248 418 4300 Ε.
433 4245 474 4312 t,
510 4243 752 4308 portaretur.
783 4240 816 4291 U.
842 4239 877 4291 G.
929 4267 966 4286 ,-
1026 4247 1056 4312 a)
1073 4243 1177 4294 verba:
1208 4251 1233 4294 et

151 4327 228 4387 atque
245 4328 292 4370 aaa
310 4319 405 4372 desunt
421 4332 464 4384 ap.
480 4316 517 4368 Μ.
556 4342 593 4354 -
639 4309 688 4376 1⁰)
707 4327 778 4360 mom
794 4309 823 4362 in
841 4325 875 4360 ra.
892 4308 928 4360 Μ.
969 4335 1008 4352 -‹
1044 4311 1175 4377 11)qato
1196 4313 1234 4368 Μ.

110 4390 155 4457 tt)
171 4399 227 4444 pus,
244 4389 272 4442 in
292 4405 327 4440 m,
343 4389 381 4440 Μ,
414 4411 451 4427 -.
489 4383 539 4451 1³)
557 4388 902 4448 monteamoearpuonem
919 4380 956 4432 M.
991 4405 1027 4468 j·-
