<?xml version="1.0" encoding="UTF-8"?>
<!DOCTYPE html PUBLIC "-//W3C//DTD XHTML 1.0 Transitional//EN"
    "http://www.w3.org/TR/xhtml1/DTD/xhtml1-transitional.dtd">
<html xmlns="http://www.w3.org/1999/xhtml" xml:lang="en" lang="en">
 <head>
  <title>
</title>
<meta http-equiv="Content-Type" content="text/html;charset=utf-8" />
  <meta name='ocr-system' content='tesseract 3.04.00' />
  <meta name='ocr-capabilities' content='ocr_page ocr_carea ocr_par ocr_line ocrx_word'/>
</head>
<body>
  <div class='ocr_page' id='page_1' title='image "./canonesapostolo01brungoog_0289.png"; bbox 0 0 2864 5042; ppageno 0'>
   <div class='ocr_carea' id='block_1_1' title="bbox 300 501 1102 587">
    <p class='ocr_par' dir='ltr' id='par_1_1' title="bbox 300 501 1102 587">
     <span class='ocr_line' id='line_1_1' title="bbox 300 501 1102 587; baseline 0 -5"><span class='ocrx_word' id='word_1_1' title='bbox 300 501 595 584; x_wconf 68' lang='lat' dir='ltr'>currendum</span> <span class='ocrx_word' id='word_1_2' title='bbox 627 502 1020 587; x_wconf 72' lang='lat' dir='ltr'>cnmnuNllen</span> <span class='ocrx_word' id='word_1_3' title='bbox 1099 543 1102 554; x_wconf 55' lang='lat'><em>2</em></span> 
     </span>
    </p>
   </div>
   <div class='ocr_carea' id='block_1_2' title="bbox 562 684 763 700">
    <p class='ocr_par' dir='ltr' id='par_1_2' title="bbox 562 684 763 700">
     <span class='ocr_line' id='line_1_2' title="bbox 562 684 763 700; baseline 0 0"><span class='ocrx_word' id='word_1_4' title='bbox 562 684 763 700; x_wconf 47' lang='lat' dir='ltr'><strong>ffi</strong></span> 
     </span>
    </p>
   </div>
   <div class='ocr_carea' id='block_1_3' title="bbox 70 761 1237 891">
    <p class='ocr_par' dir='ltr' id='par_1_3' title="bbox 70 761 1237 891">
     <span class='ocr_line' id='line_1_3' title="bbox 70 761 1237 891; baseline 0.004 -24"><span class='ocrx_word' id='word_1_5' title='bbox 70 761 225 871; x_wconf 78' lang='lat' dir='ltr'>Priscis</span> <span class='ocrx_word' id='word_1_6' title='bbox 245 805 379 890; x_wconf 85' lang='lat' dir='ltr'>quidem·</span> <span class='ocrx_word' id='word_1_7' title='bbox 396 805 568 872; x_wconf 85' lang='lat' dir='ltr'>canonibus</span> <span class='ocrx_word' id='word_1_8' title='bbox 587 807 729 872; x_wconf 89' lang='lat' dir='ltr'>noscitur</span> <span class='ocrx_word' id='word_1_9' title='bbox 747 805 932 891; x_wconf 86' lang='lat' dir='ltr'>institutum,</span> <span class='ocrx_word' id='word_1_10' title='bbox 951 815 987 872; x_wconf 91' lang='lat' dir='ltr'>ut</span> <span class='ocrx_word' id='word_1_11' title='bbox 1002 793 1237 891; x_wconf 85' lang='lat' dir='ltr'>&#39;metropolitani</span> 
     </span>
    </p>
   </div>
   <div class='ocr_carea' id='block_1_4' title="bbox 77 902 1239 1904">
    <p class='ocr_par' dir='ltr' id='par_1_4' title="bbox 77 902 1239 1904">
     <span class='ocr_line' id='line_1_4' title="bbox 77 902 1236 986; baseline 0.003 -24"><span class='ocrx_word' id='word_1_12' title='bbox 77 917 158 962; x_wconf 85' lang='lat' dir='ltr'>enm</span> <span class='ocrx_word' id='word_1_13' title='bbox 184 905 290 962; x_wconf 88' lang='lat' dir='ltr'>eomrn&#39;</span> <span class='ocrx_word' id='word_1_14' title='bbox 318 902 632 982; x_wconf 79' lang='lat' dir='ltr'>comprovincialibus</span> <span class='ocrx_word' id='word_1_15' title='bbox 659 903 886 986; x_wconf 85' lang='lat' dir='ltr'>persingulas</span> <span class='ocrx_word' id='word_1_16' title='bbox 912 921 1013 966; x_wconf 82' lang='lat' dir='ltr'>annos</span> <span class='ocrx_word' id='word_1_17' title='bbox 1040 903 1176 966; x_wconf 83' lang='lat' dir='ltr'>debeant</span> <span class='ocrx_word' id='word_1_18' title='bbox 1203 904 1236 966; x_wconf 93' lang='lat' dir='ltr'>in</span> 
     </span>
     <span class='ocr_line' id='line_1_5' title="bbox 78 984 1235 1072; baseline 0.004 -25"><span class='ocrx_word' id='word_1_19' title='bbox 78 984 228 1066; x_wconf 78' lang='lat' dir='ltr'><strong>synodali</strong></span> <span class='ocrx_word' id='word_1_20' title='bbox 249 985 399 1068; x_wconf 84' lang='lat' dir='ltr'>conjungi</span> <span class='ocrx_word' id='word_1_21' title='bbox 427 987 488 1056; x_wconf 89' lang='lat' dir='ltr'>deo</span> <span class='ocrx_word' id='word_1_22' title='bbox 514 988 701 1069; x_wconf 74' lang='lat' dir='ltr'><strong>propitiante</strong></span> <span class='ocrx_word' id='word_1_23' title='bbox 726 989 878 1072; x_wconf 86' lang='lat' dir='ltr'>concilio;</span> <span class='ocrx_word' id='word_1_24' title='bbox 904 988 964 1054; x_wconf 90' lang='lat' dir='ltr'>sed</span> <span class='ocrx_word' id='word_1_25' title='bbox 990 1007 1077 1052; x_wconf 87' lang='lat' dir='ltr'>nunc</span> <span class='ocrx_word' id='word_1_26' title='bbox 1102 999 1166 1052; x_wconf 88' lang='lat' dir='ltr'>tarn</span> <span class='ocrx_word' id='word_1_27' title='bbox 1192 1009 1235 1052; x_wconf 87' lang='lat' dir='ltr'>arr</span> 
     </span>
     <span class='ocr_line' id='line_1_6' title="bbox 78 1072 1236 1154; baseline 0.005 -22"><span class='ocrx_word' id='word_1_28' title='bbox 78 1072 240 1134; x_wconf 82' lang='lat' dir='ltr'>communi</span> <span class='ocrx_word' id='word_1_29' title='bbox 260 1073 396 1134; x_wconf 87' lang='lat' dir='ltr'>omnium</span> <span class='ocrx_word' id='word_1_30' title='bbox 415 1074 589 1153; x_wconf 85' lang='lat' dir='ltr'>voluntate,</span> <span class='ocrx_word' id='word_1_31' title='bbox 610 1090 703 1154; x_wconf 85' lang='lat' dir='ltr'>quam</span> <span class='ocrx_word' id='word_1_32' title='bbox 718 1093 761 1138; x_wconf 88' lang='lat' dir='ltr'>ex</span> <span class='ocrx_word' id='word_1_33' title='bbox 774 1075 961 1145; x_wconf 81' lang='lat' dir='ltr'>evocatione</span> <span class='ocrx_word' id='word_1_34' title='bbox 974 1075 1029 1136; x_wconf 88' lang='lat' dir='ltr'>vel</span> <span class='ocrx_word' id='word_1_35' title='bbox 1043 1073 1236 1138; x_wconf 87' lang='lat' dir='ltr'>ordinatione</span> 
     </span>
     <span class='ocr_line' id='line_1_7' title="bbox 79 1153 1237 1248; baseline 0.005 -32"><span class='ocrx_word' id='word_1_36' title='bbox 79 1153 304 1248; x_wconf 82' lang='lat' dir='ltr'>gloriosissimi</span> <span class='ocrx_word' id='word_1_37' title='bbox 323 1156 438 1220; x_wconf 90' lang='lat' dir='ltr'>domini</span> <span class='ocrx_word' id='word_1_38' title='bbox 460 1157 614 1222; x_wconf 85' lang='lat' dir='ltr'>Clodovei</span> <span class='ocrx_word' id='word_1_39' title='bbox 634 1159 735 1240; x_wconf 83' lang='lat' dir='ltr'>regis,</span> <span class='ocrx_word' id='word_1_40' title='bbox 762 1179 817 1240; x_wconf 92' lang='lat' dir='ltr'>pro</span> <span class='ocrx_word' id='word_1_41' title='bbox 837 1160 908 1222; x_wconf 81' lang='lat' dir='ltr'>zelo</span> <span class='ocrx_word' id='word_1_42' title='bbox 929 1159 1090 1242; x_wconf 82' lang='lat' dir='ltr'>religionis</span> <span class='ocrx_word' id='word_1_43' title='bbox 1107 1161 1161 1222; x_wconf 89' lang='lat' dir='ltr'>vol</span> <span class='ocrx_word' id='word_1_44' title='bbox 1182 1179 1237 1222; x_wconf 89' lang='lat' dir='ltr'>or·</span> 
     </span>
     <span class='ocr_line' id='line_1_8' title="bbox 80 1240 1237 1314; baseline 0.007 -12"><span class='ocrx_word' id='word_1_45' title='bbox 80 1240 245 1305; x_wconf 86' lang='lat' dir='ltr'>thodoxne</span> <span class='ocrx_word' id='word_1_46' title='bbox 265 1242 339 1304; x_wconf 89' lang='lat' dir='ltr'>lidei</span> <span class='ocrx_word' id='word_1_47' title='bbox 359 1243 527 1307; x_wconf 73' lang='lat' dir='ltr'>dilectione</span> <span class='ocrx_word' id='word_1_48' title='bbox 546 1245 578 1304; x_wconf 95' lang='lat' dir='ltr'>in</span> <span class='ocrx_word' id='word_1_49' title='bbox 601 1242 801 1312; x_wconf 72' lang='lat' dir='ltr'>cabilonensi</span> <span class='ocrx_word' id='word_1_50' title='bbox 820 1245 897 1306; x_wconf 89' lang='lat' dir='ltr'>urbe</span> <span class='ocrx_word' id='word_1_51' title='bbox 918 1247 950 1307; x_wconf 93' lang='lat' dir='ltr'>in</span> <span class='ocrx_word' id='word_1_52' title='bbox 971 1243 1111 1314; x_wconf 84' lang='lat' dir='ltr'>ecclesia</span> <span class='ocrx_word' id='word_1_53' title='bbox 1130 1247 1237 1312; x_wconf 89' lang='lat' dir='ltr'>sancti</span> 
     </span>
     <span class='ocr_line' id='line_1_9' title="bbox 80 1326 1236 1426; baseline 0.005 -39"><span class='ocrx_word' id='word_1_54' title='bbox 80 1327 247 1390; x_wconf 86' lang='lat' dir='ltr'>Virraentii</span> <span class='ocrx_word' id='word_1_55' title='bbox 266 1326 382 1408; x_wconf 88' lang='lat' dir='ltr'>pariter</span> <span class='ocrx_word' id='word_1_56' title='bbox 403 1326 603 1413; x_wconf 86' lang='lat' dir='ltr'>conglobati,</span> <span class='ocrx_word' id='word_1_57' title='bbox 623 1329 723 1409; x_wconf 89' lang='lat' dir='ltr'>ipsius</span> <span class='ocrx_word' id='word_1_58' title='bbox 744 1330 848 1391; x_wconf 88' lang='lat' dir='ltr'>sancti</span> <span class='ocrx_word' id='word_1_59' title='bbox 867 1331 1011 1426; x_wconf 79' lang='lat' dir='ltr'>martyris</span> <span class='ocrx_word' id='word_1_60' title='bbox 1031 1331 1236 1394; x_wconf 85' lang='lat' dir='ltr'>intercessio·</span> 
     </span>
     <span class='ocr_line' id='line_1_10' title="bbox 81 1413 1237 1498; baseline 0.003 -24"><span class='ocrx_word' id='word_1_61' title='bbox 81 1431 161 1474; x_wconf 90' lang='lat' dir='ltr'>nem</span> <span class='ocrx_word' id='word_1_62' title='bbox 179 1422 353 1494; x_wconf 87' lang='lat' dir='ltr'>poscentes</span> <span class='ocrx_word' id='word_1_63' title='bbox 378 1424 414 1477; x_wconf 88' lang='lat' dir='ltr'>ut</span> <span class='ocrx_word' id='word_1_64' title='bbox 439 1415 688 1498; x_wconf 68' lang='lat' dir='ltr'>longaevitatem</span> <span class='ocrx_word' id='word_1_65' title='bbox 714 1413 884 1494; x_wconf 82' lang='lat' dir='ltr'>supradicti</span> <span class='ocrx_word' id='word_1_66' title='bbox 907 1415 1055 1495; x_wconf 81' lang='lat' dir='ltr'>principis</span> <span class='ocrx_word' id='word_1_67' title='bbox 1081 1435 1140 1478; x_wconf 91' lang='lat' dir='ltr'>suo</span> <span class='ocrx_word' id='word_1_68' title='bbox 1166 1416 1237 1479; x_wconf 82' lang='lat' dir='ltr'>sur-</span> 
     </span>
     <span class='ocr_line' id='line_1_11' title="bbox 82 1497 1238 1580; baseline 0.003 -20"><span class='ocrx_word' id='word_1_69' title='bbox 82 1498 187 1580; x_wconf 76' lang='lat' dir='ltr'>fragro</span> <span class='ocrx_word' id='word_1_70' title='bbox 212 1514 400 1560; x_wconf 87' lang='lat' dir='ltr'>mereremur</span> <span class='ocrx_word' id='word_1_71' title='bbox 425 1509 458 1562; x_wconf 86' lang='lat' dir='ltr'>et</span> <span class='ocrx_word' id='word_1_72' title='bbox 482 1497 683 1580; x_wconf 80' lang='lat' dir='ltr'>inspiratione</span> <span class='ocrx_word' id='word_1_73' title='bbox 702 1499 809 1564; x_wconf 83' lang='lat' dir='ltr'>divina</span> <span class='ocrx_word' id='word_1_74' title='bbox 828 1501 1057 1562; x_wconf 87' lang='lat' dir='ltr'>interveniente</span> <span class='ocrx_word' id='word_1_75' title='bbox 1079 1499 1119 1562; x_wconf 93' lang='lat' dir='ltr'>de</span> <span class='ocrx_word' id='word_1_76' title='bbox 1137 1518 1238 1563; x_wconf 87' lang='lat' dir='ltr'>cano-</span> 
     </span>
     <span class='ocr_line' id='line_1_12' title="bbox 86 1583 1237 1666; baseline 0.003 -21"><span class='ocrx_word' id='word_1_77' title='bbox 86 1584 182 1646; x_wconf 89' lang='lat' dir='ltr'>nibus</span> <span class='ocrx_word' id='word_1_78' title='bbox 210 1583 454 1666; x_wconf 82' lang='lat' dir='ltr'>significaretur,</span> <span class='ocrx_word' id='word_1_79' title='bbox 481 1583 563 1666; x_wconf 88' lang='lat' dir='ltr'>quod</span> <span class='ocrx_word' id='word_1_80' title='bbox 593 1585 621 1647; x_wconf 90' lang='lat' dir='ltr'>si</span> <span class='ocrx_word' id='word_1_81' title='bbox 641 1585 755 1648; x_wconf 83' lang='lat' dir='ltr'>inisset</span> <span class='ocrx_word' id='word_1_82' title='bbox 777 1585 892 1666; x_wconf 89' lang='lat' dir='ltr'>aliquid</span> <span class='ocrx_word' id='word_1_83' title='bbox 910 1587 1163 1666; x_wconf 89' lang='lat' dir='ltr'>praetermissum</span> <span class='ocrx_word' id='word_1_84' title='bbox 1183 1587 1237 1648; x_wconf 89' lang='lat' dir='ltr'>vel</span> 
     </span>
     <span class='ocr_line' id='line_1_13' title="bbox 84 1668 1237 1753; baseline 0.003 -23"><span class='ocrx_word' id='word_1_85' title='bbox 84 1686 146 1750; x_wconf 85' lang='lat' dir='ltr'>per</span> <span class='ocrx_word' id='word_1_86' title='bbox 163 1668 388 1751; x_wconf 82' lang='lat' dir='ltr'>negligentiam</span> <span class='ocrx_word' id='word_1_87' title='bbox 411 1679 466 1734; x_wconf 91' lang='lat' dir='ltr'>aut</span> <span class='ocrx_word' id='word_1_88' title='bbox 485 1671 692 1753; x_wconf 85' lang='lat' dir='ltr'>ignorantiam</span> <span class='ocrx_word' id='word_1_89' title='bbox 707 1669 852 1734; x_wconf 82' lang='lat' dir='ltr'>vitiatum</span> <span class='ocrx_word' id='word_1_90' title='bbox 872 1671 904 1732; x_wconf 93' lang='lat' dir='ltr'>in</span> <span class='ocrx_word' id='word_1_91' title='bbox 925 1672 1088 1751; x_wconf 81' lang='lat' dir='ltr'>pristinum</span> <span class='ocrx_word' id='word_1_92' title='bbox 1108 1680 1237 1752; x_wconf 84' lang='lat' dir='ltr'>statum,</span> 
     </span>
     <span class='ocr_line' id='line_1_14' title="bbox 85 1754 1239 1838; baseline 0.003 -23"><span class='ocrx_word' id='word_1_93' title='bbox 85 1757 172 1816; x_wconf 86' lang='lat' dir='ltr'>sicut</span> <span class='ocrx_word' id='word_1_94' title='bbox 191 1754 307 1816; x_wconf 89' lang='lat' dir='ltr'>dudum</span> <span class='ocrx_word' id='word_1_95' title='bbox 328 1755 430 1818; x_wconf 82' lang='lat' dir='ltr'>inerat</span> <span class='ocrx_word' id='word_1_96' title='bbox 450 1774 470 1818; x_wconf 93' lang='lat' dir='ltr'>a</span> <span class='ocrx_word' id='word_1_97' title='bbox 489 1757 609 1819; x_wconf 85' lang='lat' dir='ltr'>sanctis</span> <span class='ocrx_word' id='word_1_98' title='bbox 627 1756 766 1836; x_wconf 83' lang='lat' dir='ltr'>patribus</span> <span class='ocrx_word' id='word_1_99' title='bbox 787 1763 960 1838; x_wconf 83' lang='lat' dir='ltr'>statutum,</span> <span class='ocrx_word' id='word_1_100' title='bbox 988 1757 1119 1819; x_wconf 84' lang='lat' dir='ltr'>deberet</span> <span class='ocrx_word' id='word_1_101' title='bbox 1145 1758 1239 1820; x_wconf 81' lang='lat' dir='ltr'>auxi-</span> 
     </span>
     <span class='ocr_line' id='line_1_15' title="bbox 80 1839 1236 1904; baseline 0.001 0"><span class='ocrx_word' id='word_1_102' title='bbox 80 1840 182 1904; x_wconf 88' lang='lat' dir='ltr'>liante</span> <span class='ocrx_word' id='word_1_103' title='bbox 204 1839 333 1904; x_wconf 79' lang='lat' dir='ltr'>Christo</span> <span class='ocrx_word' id='word_1_104' title='bbox 352 1840 476 1903; x_wconf 89' lang='lat' dir='ltr'>domino</span> <span class='ocrx_word' id='word_1_105' title='bbox 495 1839 691 1904; x_wconf 57' lang='lat' dir='ltr'>reformaris·</span> <span class='ocrx_word' id='word_1_106' title='bbox 1232 1847 1236 1856; x_wconf 90' lang='lat'>&#39;</span> 
     </span>
    </p>
   </div>
   <div class='ocr_carea' id='block_1_5' title="bbox 200 1931 1123 2041">
    <p class='ocr_par' dir='ltr' id='par_1_5' title="bbox 200 1931 1123 2041">
     <span class='ocr_line' id='line_1_16' title="bbox 200 1931 1123 2041; baseline -0.001 -19"><span class='ocrx_word' id='word_1_107' title='bbox 200 1959 223 2022; x_wconf 83' lang='grc' dir='ltr'>Ι.</span> <span class='ocrx_word' id='word_1_108' title='bbox 249 1956 293 2022; x_wconf 87' lang='lat' dir='ltr'>Ut</span> <span class='ocrx_word' id='word_1_109' title='bbox 303 1958 389 2041; x_wconf 83' lang='lat' dir='ltr'>fidei</span> <span class='ocrx_word' id='word_1_110' title='bbox 402 1953 568 2026; x_wconf 84' lang='lat' dir='ltr'>Nicaenae</span> <span class='ocrx_word' id='word_1_111' title='bbox 580 1942 692 2022; x_wconf 79' lang='lat' dir='ltr'>norma</span> <span class='ocrx_word' id='word_1_112' title='bbox 706 1959 741 2021; x_wconf 84' lang='lat' dir='ltr'>ia</span> <span class='ocrx_word' id='word_1_113' title='bbox 756 1957 897 2021; x_wconf 84' lang='lat' dir='ltr'>amaidae</span> <span class='ocrx_word' id='word_1_114' title='bbox 912 1931 1123 2022; x_wconf 71' lang='lat' dir='ltr'>emercetur.</span> 
     </span>
    </p>
   </div>
   <div class='ocr_carea' id='block_1_6' title="bbox 81 2059 1241 2492">
    <p class='ocr_par' dir='ltr' id='par_1_6' title="bbox 81 2059 1241 2492">
     <span class='ocr_line' id='line_1_17' title="bbox 172 2059 1240 2146; baseline -0.002 -22"><span class='ocrx_word' id='word_1_115' title='bbox 172 2064 221 2126; x_wconf 90' lang='lat' dir='ltr'>lta</span> <span class='ocrx_word' id='word_1_116' title='bbox 243 2079 351 2128; x_wconf 88' lang='lat' dir='ltr'>ornnes</span> <span class='ocrx_word' id='word_1_117' title='bbox 371 2081 435 2127; x_wconf 91' lang='lat' dir='ltr'>una</span> <span class='ocrx_word' id='word_1_118' title='bbox 456 2064 696 2146; x_wconf 84' lang='lat' dir='ltr'>conspiratione.</span> <span class='ocrx_word' id='word_1_119' title='bbox 708 2068 742 2122; x_wconf 92' lang='lat' dir='ltr'>et</span> <span class='ocrx_word' id='word_1_120' title='bbox 762 2063 952 2124; x_wconf 83' lang='lat' dir='ltr'>connivente</span> <span class='ocrx_word' id='word_1_121' title='bbox 973 2061 1076 2124; x_wconf 92' lang='lat' dir='ltr'>animo</span> <span class='ocrx_word' id='word_1_122' title='bbox 1096 2059 1240 2125; x_wconf 84' lang='lat' dir='ltr'>sentian-</span> 
     </span>
     <span class='ocr_line' id='line_1_18' title="bbox 86 2140 1241 2229; baseline 0 -19"><span class='ocrx_word' id='word_1_123' title='bbox 86 2155 141 2210; x_wconf 86' lang='lat' dir='ltr'>tes</span> <span class='ocrx_word' id='word_1_124' title='bbox 162 2146 381 2229; x_wconf 87' lang='lat' dir='ltr'>delinivimns,</span> <span class='ocrx_word' id='word_1_125' title='bbox 406 2157 442 2211; x_wconf 89' lang='lat' dir='ltr'>ut</span> <span class='ocrx_word' id='word_1_126' title='bbox 471 2147 544 2211; x_wconf 83' lang='lat' dir='ltr'>fldci</span> <span class='ocrx_word' id='word_1_127' title='bbox 574 2166 681 2210; x_wconf 93' lang='lat' dir='ltr'>norma</span> <span class='ocrx_word' id='word_1_128' title='bbox 708 2147 791 2208; x_wconf 89' lang='lat' dir='ltr'>sient</span> <span class='ocrx_word' id='word_1_129' title='bbox 816 2140 848 2208; x_wconf 80' lang='lat' dir='ltr'>i&#39;n&#39;</span> <span class='ocrx_word' id='word_1_130' title='bbox 869 2147 1015 2211; x_wconf 90' lang='lat' dir='ltr'>Nioaeno</span> <span class='ocrx_word' id='word_1_131' title='bbox 1034 2145 1168 2210; x_wconf 86' lang='lat' dir='ltr'>concilio</span> <span class='ocrx_word' id='word_1_132' title='bbox 1188 2147 1241 2228; x_wconf 87' lang='lat' dir='ltr'>pia</span> 
     </span>
     <span class='ocr_line' id='line_1_19' title="bbox 87 2228 1240 2316; baseline 0.001 -21"><span class='ocrx_word' id='word_1_133' title='bbox 87 2241 144 2296; x_wconf 90' lang='lat' dir='ltr'>est</span> <span class='ocrx_word' id='word_1_134' title='bbox 170 2234 365 2316; x_wconf 81' lang='lat' dir='ltr'>professione</span> <span class='ocrx_word' id='word_1_135' title='bbox 389 2233 512 2297; x_wconf 82' lang='lat' dir='ltr'>firmata</span> <span class='ocrx_word' id='word_1_136' title='bbox 531 2233 585 2294; x_wconf 90' lang='lat' dir='ltr'>vel</span> <span class='ocrx_word' id='word_1_137' title='bbox 601 2244 625 2296; x_wconf 78' lang='lat' dir='ltr'>&#39;a</span> <span class='ocrx_word' id='word_1_138' title='bbox 646 2232 765 2294; x_wconf 86' lang='lat' dir='ltr'>sanctis</span> <span class='ocrx_word' id='word_1_139' title='bbox 787 2228 927 2312; x_wconf 84' lang='lat' dir='ltr'>patribus</span> <span class='ocrx_word' id='word_1_140' title='bbox 947 2231 1062 2296; x_wconf 85' lang='lat' dir='ltr'>tradita</span> <span class='ocrx_word' id='word_1_141' title='bbox 1082 2240 1178 2314; x_wconf 85' lang='lat' dir='ltr'>atque</span> <span class='ocrx_word' id='word_1_142' title='bbox 1200 2233 1240 2297; x_wconf 87' lang='lat' dir='ltr'>ab</span> 
     </span>
     <span class='ocr_line' id='line_1_20' title="bbox 81 2314 1241 2404; baseline 0.004 -23"><span class='ocrx_word' id='word_1_143' title='bbox 81 2319 166 2400; x_wconf 90' lang='lat' dir='ltr'>ipsis</span> <span class='ocrx_word' id='word_1_144' title='bbox 188 2320 336 2399; x_wconf 87' lang='lat' dir='ltr'>exposita</span> <span class='ocrx_word' id='word_1_145' title='bbox 355 2319 408 2380; x_wconf 85' lang='lat' dir='ltr'>vel</span> <span class='ocrx_word' id='word_1_146' title='bbox 429 2317 676 2401; x_wconf 88' lang='lat' dir='ltr'>inpostmodum</span> <span class='ocrx_word' id='word_1_147' title='bbox 698 2336 718 2380; x_wconf 89' lang='lat' dir='ltr'>a</span> <span class='ocrx_word' id='word_1_148' title='bbox 736 2314 851 2381; x_wconf 85' lang='lat' dir='ltr'>sano&#39;to</span> <span class='ocrx_word' id='word_1_149' title='bbox 872 2319 967 2382; x_wconf 88' lang='lat' dir='ltr'>etiam</span> <span class='ocrx_word' id='word_1_150' title='bbox 988 2319 1241 2404; x_wconf 62' lang='lat' dir='ltr'>Chalcedonam}</span> 
     </span>
     <span class='ocr_line' id='line_1_21' title="bbox 82 2403 1237 2492; baseline -0.002 -21"><span class='ocrx_word' id='word_1_151' title='bbox 82 2404 220 2471; x_wconf 82' lang='lat' dir='ltr'>coneilio</span> <span class='ocrx_word' id='word_1_152' title='bbox 240 2403 379 2484; x_wconf 80' lang='lat' dir='ltr'>firmata,</span> <span class='ocrx_word' id='word_1_153' title='bbox 405 2403 437 2465; x_wconf 93' lang='lat' dir='ltr'>in</span> <span class='ocrx_word' id='word_1_154' title='bbox 459 2405 599 2482; x_wconf 80' lang='lat' dir='ltr'>omnibus</span> <span class='ocrx_word' id='word_1_155' title='bbox 622 2413 656 2466; x_wconf 85' lang='lat' dir='ltr'>et</span> <span class='ocrx_word' id='word_1_156' title='bbox 677 2403 716 2464; x_wconf 88' lang='lat' dir='ltr'>ab</span> <span class='ocrx_word' id='word_1_157' title='bbox 738 2403 880 2466; x_wconf 89' lang='lat' dir='ltr'>omnibus</span> <span class='ocrx_word' id='word_1_158' title='bbox 900 2415 1113 2481; x_wconf 73' lang='lat' dir='ltr'>conservetur.</span> <span class='ocrx_word' id='word_1_159' title='bbox 1154 2483 1158 2492; x_wconf 26' lang='grc' dir='ltr'>Ι</span> <span class='ocrx_word' id='word_1_160' title='bbox 1234 2409 1237 2487; x_wconf 73' lang='lat' dir='ltr'>j</span> 
     </span>
    </p>
   </div>
   <div class='ocr_carea' id='block_1_7' title="bbox 173 2499 1241 2696">
    <p class='ocr_par' dir='ltr' id='par_1_7' title="bbox 173 2490 1241 2696">
     <span class='ocr_line' id='line_1_22' title="bbox 343 2499 1241 2590; baseline 0.004 -4"><span class='ocrx_word' id='word_1_161' title='bbox 343 2523 381 2586; x_wconf 92' lang='lat' dir='ltr'>ll.</span> <span class='ocrx_word' id='word_1_162' title='bbox 428 2521 471 2583; x_wconf 90' lang='lat' dir='ltr'>Ut</span> <span class='ocrx_word' id='word_1_163' title='bbox 493 2500 648 2586; x_wconf 71' lang='lat' dir='ltr'>canonum</span> <span class='ocrx_word' id='word_1_164' title='bbox 667 2499 989 2586; x_wconf 68' lang='lat' dir='ltr'>atarma&#39;aeroemm.</span> <span class='ocrx_word' id='word_1_165' title='bbox 1100 2559 1115 2589; x_wconf 91' lang='lat'>·.</span> <span class='ocrx_word' id='word_1_166' title='bbox 1175 2541 1241 2590; x_wconf 80' lang='lat' dir='ltr'>t</span> 
     </span>
     <span class='ocr_line' id='line_1_23' title="bbox 173 2607 1201 2696; baseline -0.006 -22"><span class='ocrx_word' id='word_1_167' title='bbox 173 2608 341 2683; x_wconf 71' lang='lat' dir='ltr'>Canonium,</span> <span class='ocrx_word' id='word_1_168' title='bbox 358 2626 434 2671; x_wconf 90' lang='lat' dir='ltr'>varo</span> <span class='ocrx_word' id='word_1_169' title='bbox 454 2615 577 2675; x_wconf 82' lang='lat' dir='ltr'>statuta</span> <span class='ocrx_word' id='word_1_170' title='bbox 596 2608 801 2681; x_wconf 66' lang='lat' dir='ltr'>eburonibus</span> <span class='ocrx_word' id='word_1_171' title='bbox 820 2607 1008 2679; x_wconf 80' lang='lat' dir='ltr'>intemerata</span> <span class='ocrx_word' id='word_1_172' title='bbox 1022 2613 1201 2696; x_wconf 64' lang='lat' dir='ltr'>„mentua</span> 
     </span>
    </p>
   </div>
   <div class='ocr_carea' id='block_1_8' title="bbox 24 2723 1257 3492">
    <p class='ocr_par' dir='ltr' id='par_1_8' title="bbox 24 2723 1257 3492">
     <span class='ocr_line' id='line_1_24' title="bbox 127 2723 1257 2810; baseline -0.004 -18"><span class='ocrx_word' id='word_1_173' title='bbox 127 2727 181 2792; x_wconf 82' lang='lat' dir='ltr'>nt</span> <span class='ocrx_word' id='word_1_174' title='bbox 223 2727 276 2792; x_wconf 87' lang='lat' dir='ltr'>De</span> <span class='ocrx_word' id='word_1_175' title='bbox 303 2726 487 2792; x_wconf 66' lang='lat' dir='ltr'>abacorum</span> <span class='ocrx_word' id='word_1_176' title='bbox 509 2747 579 2789; x_wconf 87' lang='lat' dir='ltr'>eam</span> <span class='ocrx_word' id='word_1_177' title='bbox 605 2729 768 2790; x_wconf 80' lang='lat' dir='ltr'>eatroneia</span> <span class='ocrx_word' id='word_1_178' title='bbox 787 2726 943 2810; x_wconf 73' lang='lat' dir='ltr'>seminia</span> <span class='ocrx_word' id='word_1_179' title='bbox 963 2723 1200 2808; x_wconf 79' lang='lat' dir='ltr'>familiaritate</span> <span class='ocrx_word' id='word_1_180' title='bbox 1255 2757 1257 2762; x_wconf 37' lang='lat' dir='ltr'>v</span> 
     </span>
     <span class='ocr_line' id='line_1_25' title="bbox 657 2814 1032 2876; baseline -0.005 0"><span class='ocrx_word' id='word_1_181' title='bbox 657 2814 749 2876; x_wconf 81' lang='lat' dir='ltr'>enda.</span> <span class='ocrx_word' id='word_1_182' title='bbox 976 2825 978 2832; x_wconf 88' lang='grc'><strong>’</strong></span> <span class='ocrx_word' id='word_1_183' title='bbox 1029 2836 1032 2844; x_wconf 56' lang='lat'><em>⁴</em></span> 
     </span>
     <span class='ocr_line' id='line_1_26' title="bbox 174 2813 1243 2980; baseline -0.004 -20"><span class='ocrx_word' id='word_1_184' title='bbox 174 2897 267 2960; x_wconf 79' lang='lat' dir='ltr'>treet</span> <span class='ocrx_word' id='word_1_185' title='bbox 283 2895 350 2978; x_wconf 86' lang='lat' dir='ltr'>jam</span> <span class='ocrx_word' id='word_1_186' title='bbox 369 2895 520 2980; x_wconf 78' lang='lat' dir='ltr'>prioribus</span> <span class='ocrx_word' id='word_1_187' title='bbox 534 2813 706 2962; x_wconf 56' lang='lat' dir='ltr'>coffinus</span> <span class='ocrx_word' id='word_1_188' title='bbox 720 2897 813 2959; x_wconf 79' lang='lat' dir='ltr'>tuerit</span> <span class='ocrx_word' id='word_1_189' title='bbox 825 2903 989 2978; x_wconf 84' lang='lat' dir='ltr'>statutum,</span> <span class='ocrx_word' id='word_1_190' title='bbox 999 2895 1123 2978; x_wconf 82' lang='lat' dir='ltr'>pla&#39;enit</span> <span class='ocrx_word' id='word_1_191' title='bbox 1136 2903 1243 2959; x_wconf 85' lang='lat' dir='ltr'>tamen&#39;</span> 
     </span>
     <span class='ocr_line' id='line_1_27' title="bbox 87 2982 1244 3064; baseline -0.002 -18"><span class='ocrx_word' id='word_1_192' title='bbox 87 2999 243 3046; x_wconf 83' lang='lat' dir='ltr'>renovare</span> <span class='ocrx_word' id='word_1_193' title='bbox 265 2994 301 3046; x_wconf 88' lang='lat' dir='ltr'>nt</span> <span class='ocrx_word' id='word_1_194' title='bbox 319 2985 350 3046; x_wconf 86' lang='lat' dir='ltr'>si</span> <span class='ocrx_word' id='word_1_195' title='bbox 369 2985 441 3064; x_wconf 87' lang='lat' dir='ltr'>quis</span> <span class='ocrx_word' id='word_1_196' title='bbox 462 2986 648 3064; x_wconf 84' lang='lat' dir='ltr'>episcopua,</span> <span class='ocrx_word' id='word_1_197' title='bbox 668 2983 836 3064; x_wconf 83' lang='lat' dir='ltr'>presbyter</span> <span class='ocrx_word' id='word_1_198' title='bbox 856 2989 911 3044; x_wconf 83' lang='lat' dir='ltr'>ant</span> <span class='ocrx_word' id='word_1_199' title='bbox 931 2983 1081 3046; x_wconf 87' lang='lat' dir='ltr'>diaeonus</span> <span class='ocrx_word' id='word_1_200' title='bbox 1097 2982 1151 3043; x_wconf 90' lang='lat' dir='ltr'>vel</span> <span class='ocrx_word' id='word_1_201' title='bbox 1170 2982 1244 3064; x_wconf 60' lang='lat' dir='ltr'>qnia</span> 
     </span>
     <span class='ocr_line' id='line_1_28' title="bbox 89 3066 1244 3152; baseline -0.003 -21"><span class='ocrx_word' id='word_1_202' title='bbox 89 3085 228 3148; x_wconf 85' lang='lat' dir='ltr'>cumque</span> <span class='ocrx_word' id='word_1_203' title='bbox 250 3089 291 3130; x_wconf 87' lang='lat' dir='ltr'>ex</span> <span class='ocrx_word' id='word_1_204' title='bbox 313 3067 501 3132; x_wconf 86' lang='lat' dir='ltr'>sacerdotali</span> <span class='ocrx_word' id='word_1_205' title='bbox 522 3070 670 3152; x_wconf 86' lang='lat' dir='ltr'>catalogo</span> <span class='ocrx_word' id='word_1_206' title='bbox 691 3076 817 3150; x_wconf 87' lang='lat' dir='ltr'>praeter</span> <span class='ocrx_word' id='word_1_207' title='bbox 835 3085 990 3150; x_wconf 90' lang='lat' dir='ltr'>personas</span> <span class='ocrx_word' id='word_1_208' title='bbox 1011 3085 1092 3151; x_wconf 87' lang='lat' dir='ltr'>qnae</span> <span class='ocrx_word' id='word_1_209' title='bbox 1113 3069 1144 3129; x_wconf 93' lang='lat' dir='ltr'>in</span> <span class='ocrx_word' id='word_1_210' title='bbox 1165 3066 1244 3149; x_wconf 90' lang='lat' dir='ltr'>ipsis</span> 
     </span>
     <span class='ocr_line' id='line_1_29' title="bbox 89 3152 1245 3236; baseline -0.001 -20"><span class='ocrx_word' id='word_1_211' title='bbox 89 3155 265 3217; x_wconf 83' lang='lat' dir='ltr'>canonibus</span> <span class='ocrx_word' id='word_1_212' title='bbox 291 3153 489 3217; x_wconf 82' lang='lat' dir='ltr'>continentur</span> <span class='ocrx_word' id='word_1_213' title='bbox 514 3171 585 3216; x_wconf 89' lang='lat' dir='ltr'>oum</span> <span class='ocrx_word' id='word_1_214' title='bbox 613 3152 832 3236; x_wconf 87' lang='lat' dir='ltr'>qualicumque</span> <span class='ocrx_word' id='word_1_215' title='bbox 859 3161 1012 3218; x_wconf 87' lang='lat' dir='ltr'>extranea</span> <span class='ocrx_word' id='word_1_216' title='bbox 1038 3154 1166 3216; x_wconf 89' lang='lat' dir='ltr'>muliere</span> <span class='ocrx_word' id='word_1_217' title='bbox 1193 3153 1245 3215; x_wconf 82' lang='lat' dir='ltr'>fa·</span> 
     </span>
     <span class='ocr_line' id='line_1_30' title="bbox 88 3237 1246 3322; baseline -0.003 -20"><span class='ocrx_word' id='word_1_218' title='bbox 88 3237 296 3302; x_wconf 86' lang='lat' dir='ltr'>miliaritatem</span> <span class='ocrx_word' id='word_1_219' title='bbox 318 3241 432 3302; x_wconf 86' lang='lat' dir='ltr'>habere</span> <span class='ocrx_word' id='word_1_220' title='bbox 455 3241 714 3322; x_wconf 80' lang='lat' dir='ltr'>praesumpserit,</span> <span class='ocrx_word' id='word_1_221' title='bbox 741 3259 823 3322; x_wconf 91' lang='lat' dir='ltr'>qnae</span> <span class='ocrx_word' id='word_1_222' title='bbox 841 3239 1009 3304; x_wconf 80' lang='lat' dir='ltr'>dedecoris</span> <span class='ocrx_word' id='word_1_223' title='bbox 1028 3241 1082 3301; x_wconf 88' lang='lat' dir='ltr'>vel</span> <span class='ocrx_word' id='word_1_224' title='bbox 1103 3239 1246 3302; x_wconf 88' lang='lat' dir='ltr'>adulterii</span> 
     </span>
     <span class='ocr_line' id='line_1_31' title="bbox 24 3322 1246 3410; baseline -0.001 -25"><span class='ocrx_word' id='word_1_225' title='bbox 24 3397 32 3410; x_wconf 24' lang='grc' dir='ltr'>ἱ</span> <span class='ocrx_word' id='word_1_226' title='bbox 89 3322 196 3408; x_wconf 85' lang='lat' dir='ltr'>possit</span> <span class='ocrx_word' id='word_1_227' title='bbox 222 3325 334 3387; x_wconf 82' lang='lat' dir='ltr'>afferre</span> <span class='ocrx_word' id='word_1_228' title='bbox 361 3327 592 3408; x_wconf 85' lang='lat' dir='ltr'>suspicionem,</span> <span class='ocrx_word' id='word_1_229' title='bbox 625 3325 717 3408; x_wconf 86' lang='lat' dir='ltr'>juxta</span> <span class='ocrx_word' id='word_1_230' title='bbox 744 3334 865 3388; x_wconf 86' lang='lat' dir='ltr'>statuta</span> <span class='ocrx_word' id='word_1_231' title='bbox 892 3331 1048 3388; x_wconf 85' lang='lat' dir='ltr'>canonum</span> <span class='ocrx_word' id='word_1_232' title='bbox 1073 3325 1112 3384; x_wconf 88' lang='lat' dir='ltr'>ab</span> <span class='ocrx_word' id='word_1_233' title='bbox 1139 3323 1246 3386; x_wconf 88' lang='lat' dir='ltr'>ordino</span> 
     </span>
     <span class='ocr_line' id='line_1_32' title="bbox 88 3409 291 3492; baseline -0.01 -18"><span class='ocrx_word' id='word_1_234' title='bbox 88 3409 291 3492; x_wconf 85' lang='lat' dir='ltr'>degradetur.</span> 
     </span>
    </p>
   </div>
   <div class='ocr_carea' id='block_1_9' title="bbox 87 3521 1246 3606">
    <p class='ocr_par' dir='ltr' id='par_1_9' title="bbox 87 3521 1246 3606">
     <span class='ocr_line' id='line_1_33' title="bbox 87 3521 1246 3606; baseline -0.01 -11"><span class='ocrx_word' id='word_1_235' title='bbox 87 3527 147 3598; x_wconf 86' lang='lat' dir='ltr'>IV.</span> <span class='ocrx_word' id='word_1_236' title='bbox 168 3525 220 3594; x_wconf 89' lang='lat' dir='ltr'>Ne</span> <span class='ocrx_word' id='word_1_237' title='bbox 235 3527 296 3590; x_wconf 83' lang='lat' dir='ltr'>duo</span> <span class='ocrx_word' id='word_1_238' title='bbox 311 3529 348 3592; x_wconf 84' lang='lat' dir='ltr'>ia</span> <span class='ocrx_word' id='word_1_239' title='bbox 368 3529 502 3590; x_wconf 87' lang='lat' dir='ltr'>ciuitate</span> <span class='ocrx_word' id='word_1_240' title='bbox 522 3546 587 3589; x_wconf 82' lang='lat' dir='ltr'>aaa</span> <span class='ocrx_word' id='word_1_241' title='bbox 609 3524 717 3590; x_wconf 83' lang='lat' dir='ltr'>eodem</span> <span class='ocrx_word' id='word_1_242' title='bbox 737 3530 877 3606; x_wconf 84' lang='lat' dir='ltr'>tempore</span> <span class='ocrx_word' id='word_1_243' title='bbox 897 3521 1075 3584; x_wconf 79' lang='lat' dir='ltr'>habeantur</span> <span class='ocrx_word' id='word_1_244' title='bbox 1096 3522 1246 3604; x_wconf 80' lang='lat' dir='ltr'>episcopi.</span> 
     </span>
    </p>
   </div>
   <div class='ocr_carea' id='block_1_10' title="bbox 91 3621 1248 3883">
    <p class='ocr_par' dir='ltr' id='par_1_10' title="bbox 91 3621 1248 3883">
     <span class='ocr_line' id='line_1_34' title="bbox 179 3621 1248 3708; baseline -0.009 -14"><span class='ocrx_word' id='word_1_245' title='bbox 179 3629 224 3696; x_wconf 89' lang='lat' dir='ltr'>Ut</span> <span class='ocrx_word' id='word_1_246' title='bbox 239 3629 300 3694; x_wconf 92' lang='lat' dir='ltr'>duo</span> <span class='ocrx_word' id='word_1_247' title='bbox 315 3630 347 3691; x_wconf 94' lang='lat' dir='ltr'>in</span> <span class='ocrx_word' id='word_1_248' title='bbox 361 3648 424 3702; x_wconf 78' lang='lat' dir='ltr'>una</span> <span class='ocrx_word' id='word_1_249' title='bbox 443 3628 575 3694; x_wconf 84' lang='lat' dir='ltr'>civitate</span> <span class='ocrx_word' id='word_1_250' title='bbox 594 3626 721 3708; x_wconf 85' lang='lat' dir='ltr'>penitus</span> <span class='ocrx_word' id='word_1_251' title='bbox 741 3645 803 3690; x_wconf 93' lang='lat' dir='ltr'>nno</span> <span class='ocrx_word' id='word_1_252' title='bbox 824 3634 966 3705; x_wconf 90' lang='lat' dir='ltr'>tempora</span> <span class='ocrx_word' id='word_1_253' title='bbox 986 3643 1049 3688; x_wconf 89' lang='lat' dir='ltr'>non</span> <span class='ocrx_word' id='word_1_254' title='bbox 1070 3621 1248 3684; x_wconf 85' lang='lat' dir='ltr'>ordinentur</span> 
     </span>
     <span class='ocr_line' id='line_1_35' title="bbox 91 3705 1248 3883; baseline -0.007 -105"><span class='ocrx_word' id='word_1_255' title='bbox 91 3715 349 3883; x_wconf 53' lang='lat' dir='ltr'>pgpnltrallraeratriartinr</span> <span class='ocrx_word' id='word_1_256' title='bbox 368 3714 526 3798; x_wconf 83' lang='lat' dir='ltr'>episcopi,</span> <span class='ocrx_word' id='word_1_257' title='bbox 554 3731 596 3776; x_wconf 89' lang='lat' dir='ltr'>ne</span> <span class='ocrx_word' id='word_1_258' title='bbox 620 3730 673 3776; x_wconf 89' lang='lat' dir='ltr'>res</span> <span class='ocrx_word' id='word_1_259' title='bbox 699 3711 858 3776; x_wconf 85' lang='lat' dir='ltr'>ecclesiae</span> <span class='ocrx_word' id='word_1_260' title='bbox 886 3728 986 3774; x_wconf 88' lang='lat' dir='ltr'>saeva</span> <span class='ocrx_word' id='word_1_261' title='bbox 1012 3705 1166 3781; x_wconf 84' lang='lat' dir='ltr'>divisione</span> <span class='ocrx_word' id='word_1_262' title='bbox 1188 3705 1248 3770; x_wconf 89' lang='lat' dir='ltr'>de-</span> 
     </span>
    </p>
   </div>
   <div class='ocr_carea' id='block_1_11' title="bbox 125 3912 1247 4166">
    <p class='ocr_par' dir='ltr' id='par_1_11' title="bbox 125 3912 1247 4166">
     <span class='ocr_line' id='line_1_36' title="bbox 125 3912 1217 3996; baseline -0.012 -11"><span class='ocrx_word' id='word_1_263' title='bbox 125 3917 167 3988; x_wconf 75' lang='lat' dir='ltr'>V,</span> <span class='ocrx_word' id='word_1_264' title='bbox 214 3917 258 3988; x_wconf 76' lang='lat' dir='ltr'>Ut</span> <span class='ocrx_word' id='word_1_265' title='bbox 277 3914 457 3986; x_wconf 78' lang='lat' dir='ltr'>saeculares</span> <span class='ocrx_word' id='word_1_266' title='bbox 477 3913 615 3982; x_wconf 77' lang='lat' dir='ltr'>condam</span> <span class='ocrx_word' id='word_1_267' title='bbox 637 3914 747 3978; x_wconf 84' lang='lat' dir='ltr'>cleriei</span> <span class='ocrx_word' id='word_1_268' title='bbox 764 3912 936 3996; x_wconf 84' lang='lat' dir='ltr'>parocbiaa</span> <span class='ocrx_word' id='word_1_269' title='bbox 958 3918 1016 3976; x_wconf 85' lang='lat' dir='ltr'>aut</span> <span class='ocrx_word' id='word_1_270' title='bbox 1038 3931 1146 3977; x_wconf 86' lang='lat' dir='ltr'>earam</span> <span class='ocrx_word' id='word_1_271' title='bbox 1166 3931 1217 3973; x_wconf 85' lang='lat' dir='ltr'>ree</span> 
     </span>
     <span class='ocr_line' id='line_1_37' title="bbox 181 4007 1247 4166; baseline -0.009 -17"><span class='ocrx_word' id='word_1_272' title='bbox 181 4085 370 4151; x_wconf 86' lang='lat' dir='ltr'>Saeculares</span> <span class='ocrx_word' id='word_1_273' title='bbox 390 4101 482 4160; x_wconf 87' lang='lat' dir='ltr'>vero,</span> <span class='ocrx_word' id='word_1_274' title='bbox 504 4007 808 4166; x_wconf 49' lang='lat' dir='ltr'>quiaperzcffiaptum</span> <span class='ocrx_word' id='word_1_275' title='bbox 829 4081 872 4144; x_wconf 83' lang='lat' dir='ltr'>ad</span> <span class='ocrx_word' id='word_1_276' title='bbox 891 4080 1071 4148; x_wconf 84' lang='lat' dir='ltr'>clericatum</span> <span class='ocrx_word' id='word_1_277' title='bbox 1091 4078 1247 4160; x_wconf 88' lang='lat' dir='ltr'>conversi,</span> 
     </span>
    </p>
   </div>
   <div class='ocr_carea' id='block_1_12' title="bbox 93 4155 1249 4450">
    <p class='ocr_par' dir='ltr' id='par_1_12' title="bbox 93 4155 1249 4450">
     <span class='ocr_line' id='line_1_38' title="bbox 93 4155 1249 4254; baseline -0.007 -20"><span class='ocrx_word' id='word_1_278' title='bbox 93 4191 148 4242; x_wconf 83' lang='lat' dir='ltr'>res</span> <span class='ocrx_word' id='word_1_279' title='bbox 170 4171 389 4254; x_wconf 86' lang='lat' dir='ltr'>parochiarum.</span> <span class='ocrx_word' id='word_1_280' title='bbox 403 4169 457 4234; x_wconf 86' lang='lat' dir='ltr'>vel</span> <span class='ocrx_word' id='word_1_281' title='bbox 484 4170 572 4252; x_wconf 79' lang='lat' dir='ltr'>ipses</span> <span class='ocrx_word' id='word_1_282' title='bbox 595 4169 763 4253; x_wconf 66' lang='lat' dir='ltr'>parochiae</span> <span class='ocrx_word' id='word_1_283' title='bbox 787 4167 913 4248; x_wconf 73' lang='lat' dir='ltr'>minine</span> <span class='ocrx_word' id='word_1_284' title='bbox 935 4165 976 4232; x_wconf 92' lang='lat' dir='ltr'>ad</span> <span class='ocrx_word' id='word_1_285' title='bbox 995 4155 1167 4252; x_wconf 82' lang='lat' dir='ltr'>regendum</span> <span class='ocrx_word' id='word_1_286' title='bbox 1189 4161 1249 4226; x_wconf 87' lang='lat' dir='ltr'>de-</span> 
     </span>
     <span class='ocr_line' id='line_1_39' title="bbox 93 4255 855 4337; baseline -0.005 -17"><span class='ocrx_word' id='word_1_287' title='bbox 93 4259 194 4320; x_wconf 85' lang='lat' dir='ltr'>beant</span> <span class='ocrx_word' id='word_1_288' title='bbox 214 4257 330 4320; x_wconf 87' lang='lat' dir='ltr'>habere</span> <span class='ocrx_word' id='word_1_289' title='bbox 350 4255 546 4324; x_wconf 81' lang='lat' dir='ltr'>commissas.</span> <span class='ocrx_word' id='word_1_290' title='bbox 662 4300 751 4337; x_wconf 46' lang='lat'>‚4</span> <span class='ocrx_word' id='word_1_291' title='bbox 848 4281 855 4336; x_wconf 67' lang='lat'>3</span> 
     </span>
     <span class='ocr_line' id='line_1_40' title="bbox 106 4369 1237 4450; baseline -0.007 -10"><span class='ocrx_word' id='word_1_292' title='bbox 106 4375 163 4440; x_wconf 85' lang='lat' dir='ltr'>Vl.</span> <span class='ocrx_word' id='word_1_293' title='bbox 190 4371 292 4444; x_wconf 77' lang='lat' dir='ltr'>Nono</span> <span class='ocrx_word' id='word_1_294' title='bbox 314 4382 391 4442; x_wconf 79' lang='lat' dir='ltr'>ante</span> <span class='ocrx_word' id='word_1_295' title='bbox 412 4374 613 4438; x_wconf 81' lang='lat' dir='ltr'>audientiam</span> <span class='ocrx_word' id='word_1_296' title='bbox 632 4391 683 4434; x_wconf 84' lang='lat' dir='ltr'>ree</span> <span class='ocrx_word' id='word_1_297' title='bbox 704 4369 857 4434; x_wconf 86' lang='lat' dir='ltr'>ecclesiae</span> <span class='ocrx_word' id='word_1_298' title='bbox 877 4370 1028 4434; x_wconf 79' lang='lat' dir='ltr'>inuadere</span> <span class='ocrx_word' id='word_1_299' title='bbox 1041 4373 1237 4450; x_wconf 79' lang='lat' dir='ltr'>praesumat.</span> 
     </span>
    </p>
   </div>
   <div class='ocr_carea' id='block_1_13' title="bbox 180 4471 1250 4554">
    <p class='ocr_par' dir='ltr' id='par_1_13' title="bbox 180 4471 1250 4554">
     <span class='ocr_line' id='line_1_41' title="bbox 180 4471 1250 4554; baseline -0.004 -16"><span class='ocrx_word' id='word_1_300' title='bbox 180 4476 226 4550; x_wconf 82' lang='lat' dir='ltr'>Ut</span> <span class='ocrx_word' id='word_1_301' title='bbox 243 4477 348 4544; x_wconf 82' lang='lat' dir='ltr'>nudus</span> <span class='ocrx_word' id='word_1_302' title='bbox 368 4484 443 4540; x_wconf 85' lang='lat' dir='ltr'>anta</span> <span class='ocrx_word' id='word_1_303' title='bbox 463 4475 654 4544; x_wconf 70' lang='lat' dir='ltr'>audentiam</span> <span class='ocrx_word' id='word_1_304' title='bbox 675 4493 727 4536; x_wconf 90' lang='lat' dir='ltr'>res</span> <span class='ocrx_word' id='word_1_305' title='bbox 748 4471 954 4554; x_wconf 85' lang='lat' dir='ltr'>quarumlibet</span> <span class='ocrx_word' id='word_1_306' title='bbox 974 4471 1183 4536; x_wconf 85' lang='lat' dir='ltr'>ecclesiarum</span> <span class='ocrx_word' id='word_1_307' title='bbox 1199 4471 1250 4541; x_wconf 79' lang='lat' dir='ltr'>,in-</span> 
     </span>
    </p>
   </div>
   <div class='ocr_carea' id='block_1_14' title="bbox 97 4558 1250 4740">
    <p class='ocr_par' dir='ltr' id='par_1_14' title="bbox 97 4558 1250 4740">
     <span class='ocr_line' id='line_1_42' title="bbox 97 4558 1250 4648; baseline -0.007 -22"><span class='ocrx_word' id='word_1_308' title='bbox 97 4559 216 4628; x_wconf 87' lang='lat' dir='ltr'>vadere</span> <span class='ocrx_word' id='word_1_309' title='bbox 242 4569 299 4624; x_wconf 89' lang='lat' dir='ltr'>aut</span> <span class='ocrx_word' id='word_1_310' title='bbox 326 4561 448 4627; x_wconf 85' lang='lat' dir='ltr'>anferre</span> <span class='ocrx_word' id='word_1_311' title='bbox 474 4569 673 4644; x_wconf 79' lang='lat' dir='ltr'>praesumat:</span> <span class='ocrx_word' id='word_1_312' title='bbox 704 4559 787 4648; x_wconf 90' lang='lat' dir='ltr'>quod</span> <span class='ocrx_word' id='word_1_313' title='bbox 813 4558 867 4645; x_wconf 87' lang='lat' dir='ltr'>qni</span> <span class='ocrx_word' id='word_1_314' title='bbox 897 4558 1027 4639; x_wconf 85' lang='lat' dir='ltr'>fecerit,</span> <span class='ocrx_word' id='word_1_315' title='bbox 1055 4565 1092 4626; x_wconf 83' lang='lat' dir='ltr'>nt</span> <span class='ocrx_word' id='word_1_316' title='bbox 1120 4564 1250 4623; x_wconf 86' lang='lat' dir='ltr'>necator</span> 
     </span>
     <span class='ocr_line' id='line_1_43' title="bbox 98 4645 1136 4740; baseline -0.01 -26"><span class='ocrx_word' id='word_1_317' title='bbox 98 4664 269 4740; x_wconf 84' lang='lat' dir='ltr'>pauperum</span> <span class='ocrx_word' id='word_1_318' title='bbox 294 4645 454 4714; x_wconf 78' lang='lat' dir='ltr'>habeatur,</span> <span class='ocrx_word' id='word_1_319' title='bbox 1132 4679 1136 4687; x_wconf 81' lang='lat'><strong>·</strong></span> 
     </span>
    </p>
   </div>
   <div class='ocr_carea' id='block_1_15' title="bbox 0 0 1456 5042">
    <p class='ocr_par' dir='ltr' id='par_1_15' title="bbox 0 0 1456 5042">
     <span class='ocr_line' id='line_1_44' title="bbox 0 0 1456 5042; baseline 0 0"><span class='ocrx_word' id='word_1_320' title='bbox 0 0 1456 5042; x_wconf 95' lang='lat' dir='ltr'> </span> 
     </span>
    </p>
   </div>
  </div>
 </body>
</html>
