2858 5036
197 256 263 324 tlt
501 247 750 318 contermini
771 245 1050 315 Acarnuntsn.

201 425 337 516 genibus
357 439 412 508 pro
432 439 532 508 regna
555 423 636 507 ejus,
656 443 712 506 pro
732 417 960 506 longaevitate,
983 437 1038 502 pro
1059 413 1174 502 populo
1197 419 1366 484 dominum

202 519 440 598 deprecaremur
451 511 495 592 ¹),
509 519 544 574 ut
557 513 611 597 qui
626 508 717 574 uobls
735 508 991 590 congregationis
1008 508 1194 588 permiserat
1209 516 1368 588 potesta-

196 605 284 681 tem,
312 613 443 682 regnum
471 595 542 677 ejus
570 593 712 658 dominus
733 593 885 656 felicitate
914 591 1115 675 extenderet,
1140 589 1266 674 justitia
1294 611 1367 676 gu-

196 677 362 765 bernaret,
389 683 505 744 virtute
532 688 735 764 protegeret,
759 676 792 739 in
821 678 924 740 sancti
944 674 1091 740 Andreae
1117 678 1249 742 basilica
1277 695 1364 740 con-

198 765 344 836 sedimus
370 765 410 828 de
440 762 603 846 disciplina
630 773 662 828 et
689 757 932 827 ordinationibus
955 760 1135 824 clericorum
1158 772 1253 845 atque
1275 781 1365 843 pon-

200 856 319 922 tificum
340 852 393 915 vel
414 851 454 914 de
477 849 683 914 ecclesiarum
703 849 890 912 utilitatibus
911 847 1081 910 tractaturi.

362 971 387 1034 l.
429 969 480 1032 De
501 969 638 1051 bigamia
653 965 688 1046 ²)
710 965 837 1046 clerici!
856 973 894 1028 ut
914 985 978 1028 corr
998 964 1194 1026 nrimietrerrt.

288 1059 323 1122 ln
351 1054 461 1139 primis
473 1053 508 1132 ³)
538 1053 571 1118 id
598 1053 715 1136 placuit
740 1060 776 1111 ut
797 1069 937 1113 canones
959 1059 993 1114 et
1013 1057 1135 1114 statuta
1157 1054 1282 1128 patrum
1303 1065 1362 1128 per

201 1139 341 1208 ordinem
368 1143 556 1223 legerentur.
603 1135 725 1215 Quibus
753 1137 846 1200 lectis
859 1135 895 1216 ⁴)
922 1131 1040 1218 placuit
1070 1133 1110 1196 de
1138 1133 1274 1216 bigamis
1303 1141 1361 1194 aut

203 1233 448 1309 internuptarum
464 1223 498 1302 ³)
525 1220 873 1303 mefitis-quamquam
902 1220 985 1284 aliud
1010 1227 1132 1300 patrum
1154 1225 1278 1280 statuta
1299 1218 1361 1279 de-

203 1313 375 1392 creverint,
396 1319 432 1372 ut
453 1309 506 1390 qui
527 1309 691 1388 hucusque
706 1304 740 1385 ⁸)
762 1307 894 1367 ordinati
914 1315 998 1388 sunt,
1020 1306 1125 1366 habita
1146 1301 1361 1382 miseratione,

201 1395 388 1486 presbyterii
415 1394 467 1454 vel
495 1391 681 1454 diaconatus
707 1407 819 1452 nomen
856 1399 975 1452 tantum
1008 1389 1188 1470 obtineant3
1220 1384 1359 1449 officium

202 1500 279 1544 vero
306 1477 481 1562 presbyteri
508 1475 714 1540 consecrandi
741 1480 774 1540 et
795 1474 988 1539 ministrandi
1008 1473 1185 1556 hujusmodi
1208 1472 1361 1538 diacones

202 1583 266 1630 non
287 1571 496 1647 praesumant.

482 1681 520 1754 11,
563 1679 614 1743 De
636 1678 872 1748 contumacibus
895 1675 1020 1740 clericis
1033 1675 1089 1758 '):

291 1767 507 1832 Contumaces
529 1783 606 1828 vero
629 1765 752 1845 clerici,
781 1775 872 1846 prout
893 1763 1054 1844 dignitatis
1077 1761 1150 1824 crdo
1170 1759 1356 1842 permiserit,

205 1845 244 1919 ab
273 1855 431 1936 episcopis
458 1853 668 1934 corrigantur:
701 1858 734 1910 et
756 1851 784 1911 ri
805 1850 857 1929 qui
878 1846 987 1928 prioris
1009 1849 1126 1930 gradus
1147 1849 1224 1908 elati
1237 1847 1272 1924 ⁸)
1301 1867 1359 1910 su-

202 1942 312 2024 perbia
333 1940 579 2004 communionem
594 1935 629 2014 ⁰)
656 1936 792 1998 fortasse
819 1937 1080 2015 contempserint,
1109 1939 1165 1995 aut
1185 1933 1357 1997 ecclesiam
1422 1947 1423 2006 t

202 2027 403 2109 frequentare
423 2024 477 2086 vel
499 2021 636 2085 officinm
657 2039 747 2083 suum
768 2019 896 2102 implere
918 2017 1115 2104 neglexerint
1125 2017 1169 2097 ⁰),
1190 2019 1359 2100 peregrina
1422 2023 1423 2058 ³

202 2112 244 2174 iis
266 2111 440 2174 communio
456 2107 511 2188 ¹⁰)
540 2108 710 2179 tribuatur;
736 2106 782 2166 ita
812 2112 847 2166 nt
877 2121 948 2167 cum
976 2123 1034 2166 eos
1061 2102 1256 2185 poenitentia
1285 2123 1358 2166 cor-

204 2197 338 2278 rexerit,
371 2193 513 2274 rescripti
534 2189 566 2254 in
587 2190 748 2254 matricula
769 2189 900 2272 gradum
921 2207 1013 2252 suum
1034 2188 1285 2272 dignitatemque
1304 2208 1358 2251 re-

198 2281 331 2360 ‘cipiunt

231 2381 283 2445 111.
313 2379 366 2442 De
387 2379 542 2464 episcopis
564 2379 618 2458 poi
640 2375 691 2438 ool
709 2378 893 2440 innocentes
915 2378 966 2438 cel
978 2395 1040 2460 prro
1061 2359 1201 2438 minimis
1225 2376 1331 2438 causis

199 2471 203 2485 '
567 2459 689 2544 aliquos
710 2463 991 2523 excommunicant.

290 2547 442 2633 Episcopi
468 2566 561 2629 vero,
593 2550 621 2609 si
647 2547 835 2608 sacerdotali
861 2545 1072 2608 moderatione
1100 2541 1280 2626 'postposita
1307 2541 1356 2604 in-

204 2645 359 2701 nocentes
387 2643 443 2698 aut
471 2632 605 2695 minimis
632 2633 738 2694 causis
768 2630 938 2712 culpabiles
964 2632 1235 2695 excommunicare
1261 2648 1358 2710 prae-

204 2723 405 2803 sumpserint,
424 2719 512 2780 etad
531 2718 663 2801 gratiam
682 2717 865 2779 festinantes
883 2717 1022 2798 recipere
1039 2717 1174 2778 fortasse
1192 2713 1357 2794 noluerint,

205 2808 361 2870 avicinis
388 2804 546 2882 episcopis
575 2799 741 2880 cujuslibet
769 2803 947 2880 provinciae
973 2801 1071 2863 literis
1092 2809 1297 2863 moneantur:
1325 2810 1359 2861 et
1421 2807 1422 2880 ζ

170 2921 175 2926 ,
205 2894 234 2953 si
255 2908 364 2970 parere
378 2885 431 2966 ¹¹)
449 2883 612 2966 noluerint,
634 2887 807 2970 qemmunio
829 2887 1011 2968 illisosque
1032 2885 1073 2948 ad
1094 2895 1220 2966 tempus
1242 2885 1357 2968 synodi
1421 2886 1422 2904 ¹

205 2973 373 3055 areliquis
400 2973 558 3053 episcopis
585 2990 646 3032 non
677 2980 812 3054 negetur
828 2969 902 3052 ¹²),
930 2991 970 3032 ne
996 2971 1132 3034 fortasse
1160 2971 1201 3033 ad
1218 2969 1274 3049 ¹⁸)
1297 2991 1359 3032 ex·

206 3057 479 3122 communicatoris
507 3065 676 3137 peccatum
698 3057 959 3122 excommunicati
978 3057 1073 3140 longo
1095 3064 1235 3138 ternpore
1256 3065 1359 3118 morte
1421 3087 1422 3092 κ

1421 3029 1422 3072 l

201 3143 461 3225 praeveniantur„

200 3335 203 3344 Δ
234 3261 291 3324 Ν.
323 3259 375 3322 De
395 3259 445 3320 bis
467 3259 522 3340 qui
542 3278 616 3322 roos
638 3258 690 3322 ecl
703 3261 949 3344 propinquorum
972 3259 1146 3323 oblationes
1168 3252 1324 3326 eccleciae

646 3343 839 3424 defraudant
855 3345 917 3422 ¹⁴).
1152 3417 1156 3422 ¹

154 3491 161 3501 „
289 3428 405 3492 Clerici
424 3428 519 3492 etiam
540 3429 593 3490 vel
614 3431 796 3492 saeculares
823 3430 875 3512 qui
903 3429 1076 3493 oblationes
1104 3439 1268 3512 parentum
1298 3439 1356 3494 aut

200 3513 337 3604 ,donatas
365 3522 422 3576 aut
449 3514 647 3578 testamentis
674 3516 802 3578 relictas
830 3517 961 3578 retinere
987 3517 1181 3596 perstiterint
1197 3517 1276 3597 ¹⁵),
1299 3526 1356 3580 eut

200 3601 238 3672 ,id
264 3597 348 3683 quod
375 3602 435 3680 ipsi
462 3600 645 3662 donaverint
676 3598 823 3662 ecclesiis
850 3600 903 3662 vel
936 3603 1134 3664 monasteriis
1165 3601 1355 3664 crediderint

201 3686 422 3764 auferendum,
454 3685 539 3746 sicut
568 3683 709 3767 synodus
737 3692 850 3746 sancta
877 3684 1041 3747 constituit
1068 3687 1158 3748 velut
1185 3695 1355 3752 necatores

202 3789 391 3852 pauperum,
413 3787 576 3850 quousque
597 3768 744 3851 reddant,
766 3771 805 3830 ab
827 3770 972 3832 ecclesiis
993 3771 1206 3834 excludantur.

190 4013 201 4028 -‹
246 3989 275 4054 1)
294 3992 470 4049 deprecaretur
486 3987 524 4040 M.
547 4013 583 4026 -
612 3985 642 4054 ²)
661 3993 764 4050 dtpoorla
782 3987 813 4041 C.
832 3989 866 4042 H.
883 3989 989 4060 ubique.
1012 4020 1048 4032 —
1078 3992 1108 4061 ³)
1125 3999 1151 4044 ln
1167 4000 1246 4056 primo
1265 3989 1298 4045 0.
1316 3991 1351 4045 Η.

198 4073 201 4078 ·
244 4057 560 4124 ⁴)ae1lnternrtadrl.ll.
583 4057 747 4113 Inomnibus
765 4065 851 4114 antem
868 4059 1098 4131 Codd.Hisp.lric
1115 4063 1218 4116 demum
1230 4061 1292 4113 finis
1311 4071 1351 4114 eat
1420 4075 1421 4080 ’

271 4127 451 4196 praefationis.
485 4155 521 4165 -
563 4125 592 4194 ὅ)
609 4135 699 4178 lterum
715 4137 846 4190 nuptorum
863 4129 974 4182 Lucens.
993 4147 1018 4183 n.
1035 4132 1094 4184 124.
1128 4161 1164 4176 --
1212 4132 1242 4200 θ)
1259 4139 1350 4193 imua-

199 4219 203 4226 ·
273 4203 367 4247 cemodt
384 4194 450 4248 Luc.
494 4225 529 4238 -
577 4195 606 4261 i)
625 4205 699 4248 eree
716 4204 824 4262 emotum
840 4207 920 4250 turdis
937 4199 995 4253 add.
1015 4199 1046 4253 C.
1065 4202 1100 4254 H.
1141 4230 1177 4241 -
1206 4199 1248 4268 ’8)
1266 4209 1291 4252 at
1308 4210 1351 4262 ent

271 4277 371 4329 paterer
386 4273 479 4330 produc
495 4275 523 4318 ut
540 4271 598 4317 eloti
615 4265 679 4318 Luc.
712 4293 750 4308 -
791 4268 820 4333 θ)
838 4279 1110 4324 excommunicationes
1127 4309 1153 4322 ..
1172 4287 1348 4334 praesumpse-

199 4339 201 4344 ’
268 4345 321 4388 rme
338 4337 404 4401 Reg.
422 4337 455 4387 D.
480 4363 515 4374 —
544 4334 592 4401 ¹⁰)
611 4334 644 4387 cf.
662 4335 744 4390 conc.
763 4335 878 4404 Regem.
896 4341 959 4392 od.
983 4368 1018 4379 —
1047 4340 1096 4406 Η)
1112 4359 1218 4403 parcere
1234 4341 1346 4406 Remis,

269 4411 296 4458 et
313 4405 387 4475 Hisp.
405 4405 459 4457 BR.
477 4405 510 4456 Ὺ.
524 4405 584 4454 l.'2.
636 4432 672 4444 -
730 4405 780 4474 Η)
804 4417 925 4470 episcopia
948 4417 1081 4473 dempster
1103 4411 1170 4476 Bag.
1188 4411 1228 4472 F,
1253 4409 1293 4474 K,
1312 4411 1345 4474 R,

200 4485 204 4492 ·
268 4473 321 4525 les.
340 4475 380 4540 D,
403 4473 486 4527 Codd.
505 4471 580 4538 flisp.
598 4469 722 4538 (praeter
737 4475 774 4526 T.
790 4477 851 4530 1.2.
868 4476 898 4530 in
915 4478 1024 4548 quibua:
1049 4493 1097 4530 cerr
1115 4481 1275 4545 doceretur).
1309 4505 1346 4518 -

201 4541 272 4608 ‘¹8)
289 4553 316 4594 tn
334 4543 365 4596 0.
383 4543 459 4614 Hisp.
485 4572 520 4584 -
545 4540 627 4591 Deest
643 4551 677 4592 aa
693 4541 721 4594 in
739 4543 804 4596 Luc.
855 4571 891 4586 -
945 4549 995 4618 1⁴)
1012 4555 1132 4611 frondent
1148 4549 1179 4602 C.
1198 4547 1275 4618 Hisp.
1309 4575 1346 4588 -

203 4612 269 4679 ⁴⁸)
287 4611 579 4674 praemonerentur.
598 4611 635 4673 A,
654 4611 692 4675 D,
712 4611 787 4681 stirp.
804 4613 836 4667 U.
872 4644 907 4656 —
