2864 5042
319 249 564 318 Domi-Ilm
582 251 935 322 mmmmm(
946 249 984 319 ib
1164 257 1229 324 m

61 427 244 507 admonetJ
269 431 342 490 tom
366 441 404 487 se
429 421 509 488 rlieit
529 425 561 488 ia
582 423 709 508 hospite
727 423 888 508 receptum
910 423 1023 509 fuisso,
1051 427 1119 492 scd
1133 429 1228 494 cti-

62 515 158 614 ejus
171 512 334 612 apostolus
356 513 499 574 omnibus
517 529 620 594 paene
632 511 715 574 suis·
729 513 925 596 praeceptis3
946 523 1125 596 propterca,
1147 516 1228 583 bea*

61 600 191 663 tissimi
205 599 326 678 fratres,
341 613 591 680 unumquemque
605 607 744 660 nostrum
759 609 883 695 oportet
904 619 965 660 ιιοιι
986 601 1086 664 solum
1104 612 1228 664 semet»

61 689 181 767 ipsum
196 683 236 744 ad
244 684 312 747 hoe
326 700 406 762 opus
419 683 533 746 hortari
545 682 576 761 ¹)
591 682 650 745 sed
665 683 761 745 etiam
772 683 914 745 omnium
936 683 1071 758 fidelium
1093 697 1242 786 meotes.

62 781 112 833 ut
135 770 258 851 possint
284 766 367 848 apud
396 767 489 828 deum
516 767 746 831 misericordiae
768 771 912 850 operibus
934 771 989 850 pro
1010 774 1128 834 nostris
1147 793 1228 854 pee-

64 857 167 920 'catis
181 852 377 916 intercedere
397 861 431 915 et
451 871 510 916 nos
532 855 562 914 ei
582 873 638 934 per
658 871 765 936 puram
780 855 815 932 ²)
843 854 1088 936 hospitalitatem
1113 877 1228 921 recon—

65 944 191 1005 cillere.
234 937 361 1020 Siquis
388 957 465 1038 ergo
495 947 634 1000 nostmm
658 959 721 1000 uon
748 939 940 1003 admonuerit
967 953 1022 1004 aut
1051 945 1236 1024 exemplam,

65 1023 303 1089 exhortationis
324 1041 402 1084 suae
423 1026 492 1104 ipse
513 1022 598 1104 prius
619 1043 713 1104 opere
740 1043 803 1088 narr
832 1028 1052 1126 comprobarit,
1082 1029 1228 1112 indignae

66 1115 195 1174 tionem
224 1109 331 1190 procul
358 1107 452 1169 dubio
481 1109 621 1172 incurret
644 1109 759 1172 domini
788 1110 977 1190 majestatis.
1024 1114 1228 1178 Praedicetur

67 1200 140 1260 hoc
162 1203 289 1262 nostrae
309 1189 547 1256 mediocritatis
554 1204 707 1258 statutum
729 1197 760 1257 in
782 1196 908 1258 auribus
923 1199 1057 1260 omnium
1072 1199 1228 1262 Christia-

66 1303 194 1346 nomrn.
1237 1321 1243 1333 ·

66 1369 146 1434 XII.
179 1367 231 1428 De
252 1365 357 1428 vidais
378 1371 413 1426 ei
426 1364 562 1450 pupillis
582 1368 712 1452 nonnisi
732 1387 838 1429 corma
858 1369 1015 1453 episcopie
1026 1332 1227 1457 jodr'ecnilr's.

163 1468 262 1547 Quid
268 1477 379 1536 autem
382 1470 541 1550 scriptura
555 1448 661 1535 divine
675 1444 715 1534 de
730 1467 846 1538 viduis
849 1480 881 1534 ct
884 1473 1024 1571 papillis
1043 1474 1224 1552 praecipiat,

70 1557 170 1620 nobis
192 1554 271 1617 clam
293 1573 354 1615 nou
376 1562 446 1636 cst3
475 1553 624 1634 ideoque,
654 1549 797 1634 quoniam
824 1553 992 1636 provisioni
1018 1568 1144 1620 nostrae
1166 1558 1226 1620 deo

69 1650 210 1708 auctore
243 1658 363 1704 carsae
379 1638 413 1716 ³)
444 1639 654 1719 principaliter
685 1640 846 1706 viduarum
877 1651 910 1703 et
943 1644 1132 1723 pupillorum
1152 1651 1227 1706 sunt

65 1725 291 1805 ,commissaep
318 1727 463 1804 pervenit
489 1724 529 1786 ad
558 1739 616 1789 nos
645 1725 728 1807 quod
758 1745 776 1788 a
802 1725 959 1806 judicibus
990 1729 1145 1790 crudelius
1171 1748 1226 1806 pre

69 1807 492 1879 levissimis-causisyeluti
512 1808 675 1878 defensore
697 1820 843 1874 carentes
863 1813 1124 1877 irremediabiliter
1144 1813 1228 1882 afili-

72 1905 211 1981 gantur:
247 1896 286 1957 ob
319 1914 413 1975 quam
440 1913 570 1959 eausam
596 1895 791 1964 decernimus
823 1906 860 1958 ut
887 1894 1014 1975 judices
1046 1917 1109 1960 non
1141 1899 1227 1978 prius

72 1983 193 2046 viduas
215 1990 250 2042 et
264 1981 409 2061 ¹pupillos,
424 1981 630 2064 conveniant,
661 2000 753 2062 quam
780 1981 929 2062 episcopo
951 1981 1117 2051 nuntiarint
1133 1981 1227 2062 cujus

72 2069 140 2132 sub
160 2067 321 2136 velamine
338 2065 483 2148 degunt'
519 2063 612 2142 Quod
632 2067 661 2127 si
683 2068 851 2146 episcopus
873 2085 1022 2146 praesens
1043 2087 1105 2131 non
1126 2067 1226 2149 fuerit,

73 2153 298 2220 archidiacono
320 2151 376 2220 nel
393 2150 525 2232 presbyt
526 2170 585 2218 ero.
600 2151 723 2220 cuidam
745 2150 832 2230 ejas,
862 2160 898 2216 ut
926 2151 1040 2231 pariter
1065 2153 1226 2234 sedecies,

73 2239 236 2322 communi
243 2235 477 2306 deliberatione
498 2238 606 2306 eaesis
626 2251 731 2305 eorum
754 2235 902 2301 terminos
928 2237 1045 2320 figant,
1066 2237 1117 2302 im
1139 2237 1227 2318 jnste

75 2344 121 2390 ac
142 2332 233 2402 recte
252 2331 294 2388 ιιι
308 2321 474 2401 deinceps·
469 2321 522 2387 de
540 2323 669 2390 ¹talibus
678 2322 867 2392 antedictae
882 2341 1037 2404 personae
1064 2344 1125 2395 non
1147 2344 1227 2398 eoa-

69 2417 273 2492 quassentur
283 2405 330 2485 ⁴)
370 2403 512 2485 Quodsi
532 2407 562 2470 is
580 2409 634 2486 qui
649 2406 750 2486 judex
769 2416 822 2472 est
843 2417 898 2476 ant
919 2407 1075 2488 impetitor
1102 2411 1140 2472 iis
1172 2419 1227 2472 aut

74 2495 221 2578 injuriam
236 2493 376 2572 aliquam
389 2491 573 2573 ingesserit,
582 2501 637 2558 ant
645 2490 861 2562 definitionem
879 2495 956 2561 tanti
978 2495 1101 2566 concilii
1122 2503 1228 2565 nans*

77 2597 221 2663 gressus
248 2575 362 2656 saria,
403 2594 442 2644 ιι
450 2577 667 2644 communione
701 2577 919 2656 suspendatur.
981 2576 1193 2675 Quibus't
1134 2580 1229 2659 agitur

70 2682 263 2746 magnarum
290 2679 390 2728 rerum
419 2677 539 2724 censae
552 2661 585 2739 I
613 2661 800 2725 commissae
828 2669 919 2742 sunt,
952 2679 1013 2724 nec
1038 2663 1229 2736 minimamra

76 2752 209 2833 dignum
238 2756 290 2810 est
315 2763 431 2810 causas
456 2745 682 2828 parvipendere
708 2763 928 2827 personarum
956 2748 1058 2811 solent
1080 2748 1167 2818 enim
1194 2756 1229 2810 et

74 2836 205 2902 ιιιιιιιιιιι
225 2831 372 2913 paulatim
394 2829 574 2912 despecta
567 2851 597 2894 ιιι
619 2851 767 2914 maguum
786 2833 900 2902 malum
920 2833 1091 2901 trahere·

106 2951 196 3016 XIII.
237 2951 289 3012 Do
309 2949 441 3012 canibus
462 2950 495 3011 cl
516 2951 723 3032 antipatribus
744 2950 804 3011 ab
805 2953 960 3034 episcopia
981 2963 1045 3012 ιιοιι
1066 2935 1220 3014 ιιιοιιιιιό.Ι

164 3053 336 3134 Propterea
355 3050 499 3114 tractatis
520 3051 661 3114 omnibus
682 3072 762 3136 quae
785 3053 911 3114 divinae
930 3053 1058 3140 legls
1031 3054 1083 3113 vel
1105 3054 1230 3118 humani

74 3141 159 3221 juris
180 3141 302 3200 fuerunt
324 3147 356 3200 et
378 3138 418 3200 ad
439 3137 531 3198 finem
553 3149 654 3217 usque
675 3137 844 3219 perductis
858 3141 1037 3219 putavimus
1054 3143 1229 3222 congruum

80 3243 160 3286 csse
177 3221 221 3286 de
240 3222 386 3286 οιιιιιιιιε
394 3224 489 3284 etiam
504 3222 538 3300 i)
558 3225 624 3282 rel
623 3223 833 3304 accipitribus
846 3226 960 3306 aliqua
972 3223 1138 3306 statuere3
1167 3247 1229 3287 vo-

76 3312 182 3372 lumus
204 3307 298 3390 igitur
318 3307 401 3389 quod
428 3309 617 3388 episcopalis
636 3309 758 3390 domus,
772 3327 855 3390 quae
876 3310 997 3371 adhoc
1020 3309 1079 3369 deo
1101 3311 1229 3370 favente

78 3397 298 3466 irretitamcst
326 3402 361 3456 ut
382 3395 451 3457 sine
472 3411 673 3474 personarum
695 3393 882 3472 acceptione
903 3411 1012 3460 omnes
1033 3393 1069 3453 in
1085 3393 1230 3472 hospita-

71 3482 173 3548 lit'ate
193 3479 355 3559 recipiat,
367 3495 465 3546 canes
491 3499 552 3546 non
573 3479 703 3556 habeat,
730 3497 771 3538 ne
792 3477 872 3543 ferre
893 3476 926 3538 hi
945 3477 998 3555 qui
1017 3474 1050 3536 in
1071 3495 1124 3544 cn
1131 3478 1230 3554 misci,-

77 3568 193 3631 namn
216 3579 338 3632 snamm
359 3564 506 3634 levamen
523 3564 643 3628 babere
655 3561 823 3640 corradunt,
835 3559 910 3632 dam
925 3560 1104 3634 briestorum
1118 3579 1230 3640 carnmr

79 3651 247 3720 morsibus
262 3650 433 3740 laniantur,
459 3647 680 3720 detrimentum
696 3663 790 3708 versa
811 3647 883 3710 vice
902 3663 1030 3718 suompr
1055 3649 1231 3714 sustineant

80 3753 254 3814 corpomm..
285 3724 506 3795 custodienda
525 3743 579 3797 est
598 3730 693 3814 igitur
714 3733 903 3813 episcopalis
923 3730 1075 3804 babitatIe
1096 3733 1229 3814 hymnis,

79 3839 144 3881 non
171 3819 347 3902 latratibus²
377 3818 522 3902 operibns
550 3819 655 3897 bonis,
684 3837 746 3879 non
773 3819 928 3880 morsibus
947 3819 1127 3882 venenosis.
1164 3817 1230 3881 Ubi
1260 3891 1263 3906 Ι

78 3905 177 3990 igitur
198 3899 249 3965 dei
270 3912 322 3965 est
341 3887 524 3976 assiduitas
533 3864 724 3986 cantileirae,
749 3914 919 3967 monstrum
941 3912 1045 3967 estet
1066 3901 1230 3968 dedecoris

79 3999 158 4053 nota
180 4007 277 4051 canes
298 3989 340 4050 ibi
361 3990 425 4048 vel
435 3990 602 4068 accipitres
620 3990 770 4050 habitare.

94 4087 109 4102 ⁸
201 4093 289 4178 le,
320 4105 371 4167 De
386 4103 540 4172 violantia
556 4107 752 4188 potentum
738 4128 773 4168 ιιι
787 4109 917 4194 mr'scros
906 4096 1145 4197 coercenda.

166 4190 219 4268 Ex
239 4187 496 4277 interpellatione
507 4189 709 4278 quorumdam
734 4187 958 4278 cognovimus,
990 4195 1073 4276 quod
1097 4173 1230 4283 calcatis

77 4333 278 4352 m-

124 4413 153 4480 1)
172 4415 343 4480 cprcrelieg.
361 4415 395 4466 D.
422 4440 459 4452 -
483 4405 523 4480 ²)
539 4429 585 4474 per
601 4421 681 4475 aprum
697 4413 879 4479 Reg.D.-
914 4414 944 4482 3)
962 4433 1037 4467 carce
1054 4415 1222 4482 RegD
1194 4447 1229 4458 -—

121 4483 322 4549 ‘lacerarentur
341 4484 449 4538 Collect.
472 4480 593 4546 Divion„
619 4493 754 4537 causentur
773 4486 909 4552 Andegav
935 4501 977 4552 ap.
1000 4484 1131 4538 Sirmond.
1166 4515 1202 4538 .-

109 4553 152 4620 ⁶)
170 4570 246 4606 carce
262 4555 330 4619 Rea.
349 4570 443 4606 ι·-
485 4552 516 4620 ⁶)
530 4519 641 4606 sanim
655 4554 718 4608 add
736 4555 789 4608 lroo
804 4557 863 4610 loco
880 4557 948 4619 sen.
965 4556 1003 4620 D,
1027 4557 1140 4662 demptIs
1149 4554 1230 4611 roci-

149 4623 199 4676 ιιι
215 4623 273 4677 istie
289 4631 373 4684 οιιοιιο
388 4631 506 4676 staram.
541 4652 576 4664 -
