2864 5042
331 237 573 352 macaron
598 235 940 326 unnsmnrnsr
955 244 986 314 r.
1170 241 1236 310 nr

48 413 167 478 xlv.
200 411 244 476 Ut
264 413 383 478 Jaduct
403 436 425 477 a
445 435 545 480 com
565 417 688 480 domici
706 415 1232 500 summasunmna

233 519 297 560 corr
312 501 705 582 aagentararnrclertcis
719 502 866 564 bonorem
880 491 1075 584 inpensum
1233 515 1236 523 “

164 585 210 647 Ut
229 584 364 648 Judaeis
386 605 406 648 a
427 604 528 649 coeno
548 587 663 648 domini
681 606 783 668 usque
811 586 851 648 ad
877 589 1007 668 primum
1032 583 1153 664 pascha
1172 602 1230 647 se-

53 670 217 732 cundum
243 670 381 740 edictum
416 672 517 733 bonae
545 671 770 739 recordationis
796 663 900 734 domni
924 667 1116 734 childeberti
1143 669 1230 753 regis

53 777 133 835 per
165 756 288 836 plateas
318 765 373 818 aut
399 753 497 818 torum
524 757 616 837 quasi
642 758 851 819 insultationis
885 771 984 818 causa
1012 751 1229 818 deambulandi

51 841 205 902 licentia
226 841 417 922 denegetur,
445 849 480 902 ct
500 850 536 902 ut
555 843 763 904 reverentiam
785 840 909 903 cunct-is
923 837 1147 903 ¹sarcerdotibus
1167 840 1229 902 do·

52 928 150 987 mini
172 927 225 986 vel
251 927 375 990 clericis
405 925 604 1008 impendantq
636 944 698 989 nec
727 935 801 988 ante
828 923 1013 988 sacerdotes
1041 942 1228 988 consessum
1284 926 1292 938 '

56 1013 137 1073 nisi
160 1011 291 1073 ordinati
311 1011 427 1072 habere
446 1020 665 1092 praesumant:
695 1009 749 1094 qui
768 1011 830 1074 hoc
850 1012 954 1074 tacere
975 1011 1113 1074 tortasse
1132 1029 1228 1092 prae-

56 1097 255 1177 sumpserit,
277 1114 297 1157 a
313 1095 471 1177 judicibus
490 1099 739 1178 locorumprout
758 1113 892 1177 persona
912 1097 1005 1160 luerit
1017 1093 1229 1178 distringatur.

113 1213 192 1279 XV.
240 1212 283 1276 Ut
302 1213 492 1278 Judceomm
513 1217 668 1278 conviviis
693 1215 870 1279 Christtcm'
889 1235 953 1278 corr
974 1215 1183 1299 participent.
1208 1223 1210 1233 '

161 1299 206 1374 Ut
219 1301 322 1362 nullus
337 1299 536 1363 Christianus
549 1301 740 1367 dudaeonam
754 1302 915 1363 conviviis
927 1303 1110 1384 participare
1130 1319 1226 1385 prae-

56 1393 202 1447 sumat:
222 1385 305 1465 quod
326 1387 355 1447 si
375 1386 481 1448 facere
502 1385 699 1469 quicumque,
720 1379 803 1468 quod
823 1386 916 1448 nefas
936 1381 988 1446 est
1005 1383 1076 1472 diei,¹
1091 1387 1225 1449 clericus

58 1477 129 1532 aut
157 1471 330 1532 saecularis
357 1473 613 1552 praesumpserit,
641 1473 680 1534 ab
709 1473 845 1534 omnium
873 1467 1118 1534 Christianorum
1145 1489 1225 1534 oon·

58 1556 172 1617 sertio
193 1574 231 1618 se
251 1558 373 1619 noverit
394 1555 712 1639 compescendum1),
727 1558 869 1640 quisquis
885 1563 990 1620 eorum
1010 1555 1225 1638 impietatibus

53 1642 165 1706 fiterit
187 1639 373 1720 inquinatus.

88 1743 185 1808 XVl.
230 1741 273 1804 Ut
293 1742 396 1805 nullus
421 1743 620 1809 Christianus
639 1745 760 1809 Judaeo
781 1745 931 1826 deinceps
951 1745 1088 1820 aeratae,
1110 1749 1143 1806 ct
1163 1749 1201 1804 ut

199 1877 204 1884 .
297 1831 459 1912 mancipia
481 1851 560 1914 quoe
580 1852 663 1894 nanc
682 1839 758 1894 sunt
777 1831 1010 1893 redimantur.'

157 1912 202 1977 Et
229 1915 304 1976 lieet
325 1914 397 1996 quid
420 1914 460 1976 de
484 1916 688 1997 Christianis,
715 1917 768 1999 qui
796 1925 851 1979 aut
876 1913 1069 1994 captivitatis
1094 1907 1224 1974 incursu

61 2005 127 2064 aut
161 2001 408 2081 quibuscumque
436 2000 595 2063 fraudibus
629 2001 821 2064 Judaeorum
851 1996 981 2062 servitio
1015 1997 1221 2077 implicantur,

61 2087 188 2149 debeat
217 2085 377 2148 observari
400 2103 467 2146 nou
491 2087 591 2148 solum
621 2087 781 2150 canonicis
808 2083 938 2148 statutis
965 2081 1025 2146 sed
1052 2090 1087 2145 et
1113 2081 1223 2166 tagum

60 2169 226 2235 beneficio
247 2169 366 2252 pridem
386 2167 479 2232 tuerit
499 2173 721 2256 constitutum,
750 2178 856 2233 tamen
877 2166 950 2250 quia
969 2185 1053 2232 nuuc
1074 2167 1120 2230 ita
1140 2183 1223 2248 quo-

60 2257 211 2319 rumdam
239 2255 367 2337 querela
396 2263 506 2317 exorta
544 2263 609 2341 est,
644 2255 796 2339 quosdam
816 2253 958 2319 Judaeos
988 2273 1044 2336 per
1071 2251 1221 2330 civitates

61 2349 124 2414 aut
145 2339 312 2422 municipia
333 2340 545 2404 consistentes
566 2340 597 2401 in
607 2349 738 2432 ,tantam
757 2341 954 2405 insolentiam
975 2348 1009 2401 et
1031 2335 1221 2420 proterviam

59 2427 265 2510 prorupisse,
296 2433 332 2487 ut
361 2443 422 2488 nec
451 2427 659 2492 reclamantes
687 2427 884 2489 Christianos
913 2425 1008 2486 liceat
1037 2424 1091 2485 vel
1119 2423 1220 2505 pretio

62 2513 108 2576 de
132 2530 238 2574 eorum
253 2507 287 2590 ²)
316 2511 471 2577 servitute
500 2503 620 2572 absolvi
634 2522 654 2574 :¹
670 2505 786 2574 idcirco
813 2509 971 2592 praesenti
998 2507 1129 2570 concilio
1158 2507 1218 2570 (leo

62 2607 199 2661 auctore
221 2595 396 2679 sancimus,
422 2603 458 2657 ut
471 2593 586 2659 nullus
605 2592 802 2658 Christianus
822 2591 965 2656 Judacos
985 2591 1137 2672 deinceps
1158 2589 1219 2655 da-

60 2687 144 2746 beat
167 2681 335 2762 deservire,
357 2680 416 2742 sed
437 2679 519 2742 datis
539 2699 595 2762 pro
616 2680 754 2762 quolibet
773 2677 854 2741 bono
874 2675 1029 2760 mancipio
1051 2673 1217 2740 duodecim

59 2767 177 2833 solidis
207 2768 311 2848 ipsum
339 2765 527 2846 mancipium
560 2765 746 2850 quicumque
773 2760 973 2828 Christianus
1004 2777 1063 2824 seu
1095 2759 1135 2826 ad
1152 2762 1216 2850 ¹in·-

59 2855 264 2938 genuitatem
283 2869 342 2913 seu
364 2849 405 2913 ad
426 2851 586 2914 servitium
610 2851 767 2917 licentiam
794 2849 911 2912 habeat
937 2843 1123 2930 redimendi,
1144 2847 1217 2928 quia

60 2940 159 3003 netas
188 2945 241 3000 est
269 2945 305 2998 ut
334 2953 414 3017 quos
443 2936 589 2999 Christus
620 2934 762 2999 domiuus
790 2934 954 3018 sanguinis
981 2933 1032 2995 sui
1061 2930 1215 2996 effusione

60 3023 199 3088 redemit
226 3030 461 3103 persecutorum
488 3022 623 3084 vinculis
648 3028 799 3084 maneant
824 3016 941 3082 irretiti.
982 3013 1072 3098 Quod
1103 3017 1131 3082 si
1157 3035 1216 3082 ac-

60 3109 234 3192 quiescere
262 3107 316 3169 his
354 3125 436 3190 quae
469 3109 637 3170 statuimus
675 3107 861 3188 quicumque
893 3100 1039 3168 Judaeus
1073 3105 1216 3188 noluerit,

61 3193 213 3292 quamd'f
234 3190 275 3254 ad
295 3189 459 3272 pecuniam
479 3195 683 3257 constitutam
696 3192 804 3256 venire
822 3189 987 3272 distulerit,
1008 3189 1103 3256 licoat
1123 3209 1216 3254 marr·

62 3282 148 3360 cipio
177 3275 239 3357 rpsi
267 3288 338 3342 oum
366 3277 551 3354 Christianis
580 3276 928 3361 ubicumque'voluarit
952 3275 1113 3356 habitam3
1139 3273 1214 3338 illud

61 3367 162 3428 etiam
177 3363 211 3442 ³)
233 3360 411 3440 specialiter
432 3361 612 3426 sancientes
619 3408 629 3442 ,
650 3361 733 3443 quod
754 3361 782 3422 si
803 3356 873 3440 quis
893 3357 1037 3420 Judaous
1058 3357 1214 3418 Christia-

60 3469 137 3514 num
160 3447 346 3527 mancipium
367 3445 408 3510 ad
429 3467 562 3510 errorem
583 3447 750 3508 Judaicum
773 3442 939 3504 convictus
963 3437 1056 3504 tuerit
1081 3458 1214 3520 peruua-

24 3591 31 3604 ,
59 3538 165 3616 sisse,
184 3530 311 3613 ntipsn
329 3515 485 3612 maumpio
505 3539 612 3598 carcat
633 3540 668 3594 et
688 3528 785 3612 legali
804 3525 1002 3600 damnatione
1022 3522 1185 3606 plectatur.

57 3649 164 3720 XVII.
194 3648 247 3713 Dc
267 3649 318 3711 hie
339 3653 393 3730 qia·
414 3650 497 3713 altor
517 3648 562 3711 ad
578 3648 830 3732 perjuriorum
852 3643 974 3724 salarum
995 3642 1212 3706 aeramentum

293 3735 470 3814 sollicitant
492 3739 525 3797 ct
545 3735 589 3796 its
609 3736 665 3818 qut
684 3731 753 3796 tuta
772 3729 984 3796 cernentium.

149 3821 186 3888 lt
207 3820 302 3882 ctiam
322 3823 390 3900 pari
408 3821 608 3884 conniventia
629 3820 762 3900 placuit,
786 3817 860 3900 quia
880 3816 910 3880 io
932 3814 1077 3880 universo
1099 3811 1212 3896 populo

62 3909 154 3980 multi
180 3907 325 3988 peccatis
348 3907 483 3990 ⁵involuti
511 3927 585 3970 esse
615 3903 759 3968 dicuutur
785 3901 836 3986 qui
866 3896 1043 3964 ambitionis
1064 3899 1214 3968 instinctu

62 4003 137 4058 sunt
165 3989 308 4072 perjuriis
333 3985 459 4070 irretiti,
494 4000 530 4052 ut
556 3989 584 4054 si
605 3991 675 4074 quis
696 3987 861 4050 convictus
882 3985 973 4048 fucrit
993 3984 1072 4048 alios
1093 3985 1133 4048 ad
1151 3985 1213 4048 fal-

61 4099 132 4142 sum
161 4074 371 4138 testimonium
397 4077 449 4137 vel
472 4073 634 4158 perjurium
655 4073 826 4137 attraxisse
848 4080 902 4134 aut
922 4088 1119 4154 quacumque
1140 4088 1213 4134 cor·

61 4163 206 4246 ruptione
220 4160 255 4239 ⁴)
288 4157 504 4244 solhcitasse,
535 4161 604 4244 lpse
635 4158 759 4246 quidem
795 4173 897 4245 usquo
930 4155 971 4220 sd
1002 4158 1119 4222 exitum
1152 4171 1214 4218 nou

105 4347 135 4414 1)
152 4305 317 4399 contendum
334 4348 402 4414 Bag,
415 4347 446 4398 B.
464 4333 557 4400 lech.
586 4376 622 4388 ·-
656 4347 686 4414 Β)
703 4315 856 4424 luctamur
870 4341 935 4406 (oro.
949 4357 973 4396 v.
987 4340 1030 4422 aa)
1049 4339 1114 4409 hep.
1126 4339 1160 4393 1).
1178 4370 1213 4382 -

103 4417 135 4486 a)
152 4415 229 4468 Haec
247 4421 275 4468 at
290 4415 393 4484 reliqua
408 4415 491 4496 hujuq
507 4413 615 4471 muenia
631 4418 763 4498 supplevit
778 4413 911 4468 amnena
924 4428 958 4464 ex
970 4411 1060 4464 codiee
1074 4409 1214 4478 Lugdun.;

130 4483 694 4624 attemptaturum·
715 4483 1214 4622 ttm‘ttttttltt‘thil‘

130 4625 391 4694 maneas.-
