2858 5036
191 218 254 285 iifl
523 207 767 280 mucurruu
797 207 1013 280 manuam

188 383 416 474 Mum
441 383 606 450 'alum
631 383 767 468 domini,
794 381 927 450 mureto
944 383 1069 465 aequ
1096 392 1347 465 perpetem‘as·

191 480 339 554 sumptus
364 477 435 534 erat
463 469 653 554 episeopus,
685 470 770 536 deri·
784 471 909 536 omniuo
936 472 1065 536 habam
1093 468 1348 534 eoustltutionem

191 557 413 628 massam
432 555 757 635 traditione-servata.
1020 567 1027 590 ¹
1088 583 1103 602 .·
1267 583 1271 590 v
1407 583 1408 594 ,

191 678 243 742 nl.
262 661 472 754 Ameaterio
490 677 544 758 qui
558 689 728 758 perperam
742 677 858 756 fuerat
877 677 1055 748 medicatas,
1071 691 1181 756 pocae
1201 675 1346 750 remisso,

367 761 583 843 chorepiscopi
603 779 717 824 comere
739 765 835 824 certic
857 761 979 845 legibue
999 759 1169 824 indultum.

276 857 396 928 Verum
426 862 499 946 quia
524 861 607 927 haec
635 871 746 927 sancta
774 863 916 947 synodus
936 880 998 926 non
1019 860 1203 941 disciplinae
1225 869 1348 928 tantun

194 967 303 1016 caram
323 948 381 1012 sed
404 956 438 1012 et
458 947 691 1014 misericordiae
711 951 829 1034 gessit,
851 966 984 1032 cumque
1006 956 1185 1011 occurreret
1207 947 1294 1030 quod
1315 965 1348 1008 sc

193 1036 412 1101 Armentarius
440 1029 550 1098 diebus
579 1035 729 1116 proximis
757 1033 859 1098 eidem
887 1035 1046 1102 ecclesiae
1072 1033 1170 1095 multa
1198 1039 1350 1096 assenta-

195 1131 296 1185 torum
324 1120 493 1183 insolentia
519 1120 698 1201 retulisset,
728 1120 912 1184 occurrebat
937 1130 1045 1186 tamen
1072 1117 1155 1200 quod
1183 1128 1263 1180 ante
1292 1117 1349 1180 ad-

195 1207 396 1271 monitionem
423 1203 647 1288 discessisset,
676 1203 761 1288 quod
782 1225 802 1269 a
822 1205 977 1270 nonnullis
1003 1203 1203 1268 sacerdotum
1229 1205 1264 1266 iu
1291 1205 1349 1266 hoc

195 1295 300 1376 ipsum
322 1291 523 1354 confirmatus
543 1309 581 1354 se
609 1293 703 1354 etiam
731 1293 875 1372 privatae
902 1291 1005 1354 domui
1032 1287 1241 1372 reddidisset,
1269 1288 1352 1372 quod

196 1378 350 1461 epistolas
371 1373 412 1438 ad
434 1377 550 1440 clerum
571 1377 674 1458 ipsum
695 1377 862 1459 emiserat,
891 1379 1004 1459 quibus
1031 1373 1230 1457 episcopatui
1261 1393 1352 1458 quem

197 1481 235 1542 se
256 1481 318 1524 non
338 1459 530 1544 indemptum
553 1464 751 1546 agnoscebat
771 1472 880 1546 aperte
902 1463 1158 1544 renunciaverat,
1187 1461 1285 1524 errati
1306 1457 1354 1522 sui

197 1549 324 1610 veniam
350 1555 465 1628 petens
480 1547 532 1631 ²),
561 1555 596 1609 et
622 1549 683 1612 hoc
710 1549 813 1630 ipsam
833 1547 917 1631 quod
937 1547 1122 1610 instabiliter
1141 1546 1173 1607 in
1198 1564 1236 1608 se
1261 1565 1355 1626 prae-

199 1641 356 1716 sumptum
372 1641 439 1696 erat
455 1631 521 1714 jara
540 1641 616 1696 tuno
636 1632 841 1697 inordinatum
864 1642 898 1696 et
918 1633 1033 1697 irritum
1053 1632 1173 1694 iactum
1190 1639 1356 1712 protesta-

103 1721 107 1730 '
198 1729 301 1783 turum
315 1717 350 1798 ³)
384 1737 459 1782 esso
485 1717 695 1806 confirmans,
730 1719 763 1780 in
796 1719 878 1780 illam
911 1720 1017 1801 potius
1045 1727 1165 1800 partem
1195 1715 1355 1780 declinata

198 1801 359 1868 sententia
380 1813 449 1880 est,
477 1811 513 1868 ut
538 1802 648 1886 juveni
669 1801 804 1866 educato
826 1805 857 1866 in
878 1805 987 1866 timore
1009 1800 1124 1866 domini
1144 1803 1216 1882 plus
1237 1801 1356 1865 suffra·

201 1900 352 1976 geretur,
388 1886 471 1972 quod
499 1889 531 1950 in
561 1898 635 1952 actu
662 1887 866 1952 vitiosissimo
894 1888 1046 1951 interdum
1076 1907 1154 1950 sana
1185 1889 1355 1967 sensisset,

203 1995 296 2059 quarn
324 1973 407 2057 quod
429 1973 622 2057 juvenilibus
649 1971 875 2038 titillationibus
903 1972 935 2036 in
957 1975 1060 2056 aliqua
1078 1982 1168 2054 parte
1190 1971 1357 2036 cessisset.

201 2061 313 2142 ltaque
333 2057 563 2141 praetermissis
582 2061 633 2132 his
655 2063 787 2142 quaein
809 2061 955 2142 ingressu
966 2059 1000 2139 ι)
1021 2060 1119 2140 ipsius
1142 2074 1212 2119 eum
1234 2059 1357 2142 absque

201 2147 294 2208 ullius
329 2139 544 2208 excusationis
578 2145 696 2227 effugio
732 2147 888 2208 societate
927 2143 1039 2226 culpae
1078 2153 1298 2226 resperseraut
1312 2143 1356 2224 ⁵),

202 2231 292 2292 velut
324 2227 524 2290 innocentem
557 2229 700 2290 eumdem
733 2231 901 2311 praeterire
929 2229 1115 2293 sacerdotes
1141 2227 1275 2310 domini,
1305 2229 1357 2310 qui

202 2315 278 2383 huic
296 2311 433 2384 emollio,
452 2313 601 2393 aderant,
623 2312 821 2380 damnatione
842 2333 978 2381 vacuum
999 2313 1236 2392 malueruat⁸).·
1264 2311 1357 2390 Quod

204 2418 282 2484 ergo
304 2395 336 2459 iri
356 2395 541 2480 quibusdam
560 2399 782 2464 schismaticis
806 2400 913 2483 magis
939 2417 1038 2484 quara.
1059 2397 1229 2462 haereticis
1243 2398 1278 2477 r)
1305 2419 1354 2460 re-

204 2483 358 2570 cipiendis
384 2485 561 2554 Nicaenum
589 2483 754 2552 concilium
782 2487 895 2562 statuit
923 2505 943 2550 a
970 2487 1103 2568 singulis
1129 2503 1185 2566 per
1205 2482 1360 2546 territoria

204 2591 264 2641 stra
289 2566 353 2643 hoo
380 2566 476 2636 etiam
503 2589 655 2652 praesens
684 2579 860 2636 conventus
887 2572 919 2634 in
940 2571 1002 2634 hoo
1024 2571 1136 2633 statuit
1156 2570 1195 2632 ab
1216 2570 1360 2631 omnibus

204 2656 320 2730 debere
347 2657 486 2722 servari:
519 2655 569 2728 id..
579 2666 631 2718 est
657 2666 693 2719 ut
720 2657 906 2737 cuicumque
928 2655 967 2719 de
991 2651 1135 2723 iratribus
1157 2655 1219 2716 tale
1242 2654 1361 2736 aliquid

145 2736 151 2758 '
205 2743 346 2810 caritatis
374 2737 505 2802 consilia
532 2737 736 2824 dictaverint,
764 2741 859 2804 liceat
880 2742 910 2803 ei
930 2761 1024 2804 uuam
1043 2741 1258 2823 parochiarum
1282 2759 1362 2802 sua-

203 2847 271 2892 rum
299 2824 469 2889 ecclesiam
496 2823 611 2908 cedere
625 2823 676 2907 ⁸),
703 2827 734 2888 iu
761 2845 823 2908 qua
851 2836 906 2888 aut
928 2823 1146 2908 chorepiscopi
1160 2826 1195 2906 ⁰)
1225 2827 1361 2907 comme,

203 2922 242 2977 ut
269 2909 353 2974 idem
382 2927 483 2974 canon
510 2910 661 2994 loquitur,
692 2919 746 2973 aut
774 2911 939 2994 peregriua
967 2921 1002 2974 ut
1030 2909 1116 2993 ajunt
1143 2908 1361 2975 commuuione

206 2995 353 3062 foveatur
368 2993 431 3076 ¹⁰).
467 2995 603 3062 Primum
625 2989 732 3077 itaque
753 2997 917 3076 statuitur,
937 3007 974 3060 ut
994 2997 1055 3060 hoc
1075 2999 1106 3062 in
1129 2997 1265 3078 qualibet
1289 3016 1363 3078 pro-

205 3081 311 3145 vincia
345 3089 563 3161 praeterquam
595 3081 627 3141 in
653 3081 769 3162 Alpina
805 3083 959 3144 maritima
985 3081 1100 3166 liceat3
1140 3103 1233 3164 quam
1267 3079 1296 3144 si
1329 3083 1361 3143 in

207 3167 312 3248 aliqua
332 3172 422 3244 parte
444 3165 634 3245 accesserit,
663 3174 699 3227 ut
725 3165 873 3232 malorum
900 3165 1047 3230 incitator
1068 3177 1100 3230 et
1122 3169 1239 3250 quietis
1261 3169 1361 3248 impa-
1409 3167 1410 3240 l

206 3253 291 3316 tiens
313 3249 501 3312 damnationi
524 3249 627 3332 quain
643 3249 674 3312 in
702 3267 739 3312 se
759 3261 990 3333 provocaverat
1011 3250 1195 3334 subjacebit.
1239 3253 1308 3316 Sed
1330 3261 1363 3314 et

207 3339 238 3403 si
252 3333 322 3419 quis
338 3335 440 3401 eidem
457 3335 623 3418 quidquam
646 3327 689 3399 ex'
707 3335 757 3398 his
778 3355 859 3417 quae
881 3345 1002 3400 statuta
1023 3347 1098 3402 sunt
1118 3338 1363 3424 transgredienti

207 3421 492 3504 communicaverit,
507 3441 526 3484 a
542 3421 757 3494 communione
781 3419 914 3486 omniurn
936 3423 989 3486 hat
1004 3423 1057 3504 ¹¹]
1079 3424 1208 3488 alienus.
1240 3423 1363 3486 Deinde

207 3518 245 3573 ut
265 3507 405 3592 quolibet
430 3507 470 3586 ia,
490 3506 560 3572 loco
581 3515 797 3592 praeterquam
819 3507 851 3572 in
871 3508 997 3590 publico
1019 3519 1112 3594 agat,
1139 3529 1201 3574 nec
1221 3506 1363 3592 quis‘12)

250 3692 280 3761 1)
304 3690 354 3746 His
376 3689 465 3748 rerhis
489 3689 582 3758 incipit
607 3692 717 3744 Camll.
741 3691 770 3745 in
797 3693 829 3747 C.
855 3693 932 3766 Hisp.
956 3711 1015 3750 curn
1041 3681 1135 3746 titulo:
1165 3679 1365 3746 De'rernottorre

216 3761 220 3768 '
278 3771 335 3824 elas
362 3779 432 3821 quem
456 3769 572 3812 ordinare
596 3779 727 3824 perperam
750 3769 799 3814 duo
821 3771 1045 3826 praesumpserant.
1082 3793 1118 3803 -
1164 3763 1194 3830 ²)
1213 3761 1259 3814 Sic
1277 3765 1363 3814 locum

276 3830 450 3883 restituerunt
466 3829 587 3880 monachi
604 3831 661 3882 ord.
679 3831 777 3882 Bened.
795 3843 830 3884 ex
847 3835 953 3900 Reg.'R'
967 3839 996 3886 et
1013 3832 1118 3885 Cotton.
1138 3861 1173 3872 -
1196 3841 1365 3895 episcopatem
1409 3851 1410 3912 q

280 3939 287 3950 .
299 3937 305 3949 .
316 3907 441 3960 indeptam
453 3908 601 3962 opnoscebol
611 3909 727 3962 oppetere
741 3911 907 3966 nuntiaverat,
919 3912 991 3955 erodi
1003 3919 1089 3954 norma
1100 3919 1171 3954 earm
1183 3911 1271 3964 petens
1284 3901 1317 3953 C.
1328 3901 1362 3952 H.

251 3967 282 4036 ⁸)
301 3969 340 4018 lta
356 3967 437 4020 iidem
456 3969 560 4021 codices
577 3969 676 4033 Paris.;
700 3976 812 4032 futorum
833 3982 995 4034 prolestatem
1020 3972 1051 4024 O.
1070 3973 1103 4025 H.
1156 4001 1200 4030 -.
1252 3973 1282 4038 ⁴)
1302 3989 1363 4031 tim

217 4089 220 4096 .
277 4053 395 4099 semema
412 4037 443 4090 C.
461 4038 496 4090 H.
530 4067 567 4081 -
614 4038 644 4106 ὅ)
663 4046 750 4102 calnae
766 4049 888 4097 soamtaor
905 4051 1052 4096 maereant
1070 4042 1135 4106 Res.
1154 4042 1179 4094 lt
1197 4044 1225 4094 et
1242 4039 1364 4100 mitons

241 4150 246 4156 .
279 4112 367 4167 calpae
383 4116 511 4163 societatis
526 4117 690 4170 respexerant
709 4109 739 4161 C.
758 4111 791 4162 H.
843 4141 879 4151 -
934 4111 963 4178 θ)
982 4120 1013 4164 de
1031 4117 1126 4166 indulto
1144 4119 1223 4165 daem
1239 4117 1366 4172 perecrini

216 4215 220 4224 ,
277 4182 321 4228 aet
335 4185 474 4238 coemerent
490 4187 590 4230 naneae
603 4178 663 4232 add.
679 4177 709 4230 C.
724 4179 809 4248 Hisp.,
827 4179 855 4234 in
874 4181 969 4250 quibus
987 4181 1038 4234 lroc
1056 4181 1161 4236 ‹lernom
1179 4182 1236 4244 loeo
1255 4181 1365 4232 canlll.

218 4295 222 4304 ,
279 4244 373 4313 incipit
394 4262 453 4300 curn
477 4247 569 4300 titulo:
597 4255 635 4302 De
653 4257 786 4300 remearis
803 4257 827 4302 et
843 4259 1010 4304 ectumottcta
1026 4259 1165 4313 episcopa,
1186 4259 1210 4300 et
1228 4257 1262 4308 oa
1280 4257 1364 4300 cetto-

162 4331 172 4348 ¹
280 4323 353 4368 ιὶοοοι
369 4321 442 4380 rimor
458 4325 583 4378 mereat,
602 4327 660 4378 qaid
677 4327 816 4370 coaevem.
860 4348 896 4364 .-
944 4319 973 4388 ⁷)
991 4320 1288 4390 vulterensem
1304 4327 1365 4368 aee·

280 4394 368 4444 catate
386 4386 480 4441 oerum
496 4383 524 4436 in
544 4385 574 4440 0.
593 4387 646 4442 H„
671 4417 706 4428 -
760 4387 789 4453 θ)
813 4399 947 4448 concedere
966 4389 999 4444 Τ.
1018 4393 1043 4443 2.
1088 4391 1125 4428 -'··
1178 4389 1207 4454 ⁹)
1225 4394 1366 4450 coeptroopt

281 4453 407 4522 &Hisp.
428 4455 585 4524 praetera.
611 4455 639 4508 in
664 4473 733 4525 quo:
759 4466 874 4521 marona
926 4484 962 4498 -
1015 4458 1065 4527 ¹⁰)
1083 4466 1212 4522 frueretur
1236 4457 1267 4510 G.
1290 4456 1365 4522 Hisp.

282 4530 388 4592 praeter
403 4526 436 4576 A.
453 4525 481 4590 ip
500 4539 563 4592 quo:
590 4530 699 4587 fruatur.
718 4553 753 4564 —
771 4525 837 4580 Vide
855 4530 966 4584 Nicaea.
983 4529 1044 4582 ai.
1076 4556 1113 4568 --
1153 4527 1203 4596 ¹1)
1220 4534 1264 4593 pet
1282 4525 1314 4582 C·
1331 4525 1367 4578 fl.

238 4594 288 4664 ¹2)
306 4603 424 4658 operetur
440 4612 472 4648 ae
489 4604 617 4656 autequam
634 4594 665 4646 0.
682 4594 760 4663 Hisp.
795 4625 830 4636 -
1018 4602 1022 4614 ¹
