2874 5044
345 203 590 276 OONGildUM
613 201 907 276 BRACARMNSM
926 207 964 274 ll.
1178 209 1232 276 db

185 378 302 444 xxm
332 377 396 442 'De
411 377 600 460 poenitente
619 393 684 440 aon
703 375 902 442 atramento
923 381 969 444 od
986 379 1113 446 clerm-
1230 399 1237 408 “
1287 450 1289 454 ,

155 460 385 544 Paenitens¹)‚
405 472 526 526 tantum
548 464 576 525 si
597 465 776 533 necessitas
798 474 854 526 aut
873 483 951 528 usus
968 467 1123 550 exegerit,
1139 462 1222 528 inter

64 553 218 618 ostiarios
245 549 331 631 priu‘s
357 549 526 630 deputetur
550 547 604 610 vel
631 549 711 610 inter
737 548 894 632 lectores,
921 553 967 614 ita
992 561 1029 614 ut
1054 551 1223 648 evangelia

65 640 123 702 vel
146 637 324 720 apostolum
341 634 376 713 ²)
405 654 467 696 non
496 635 593 716 legat.
636 633 673 695 Si
692 635 746 715 qui
766 643 871 698 autem
892 635 966 700 ante
987 637 1118 700 ordinati
1137 645 1223 718 suna

14 725 18 731 ⁴
50 725 154 788 iuter
173 722 384 787 subdiacones
404 719 595 798 habeantur,
621 718 666 780 ita
693 727 731 782 ut
755 740 880 784 manum
906 742 968 785 ncn
988 724 1148 804 imponant
1167 732 1224 786 aut

69 828 171 872 sacra
196 827 258 868 non
282 807 486 886 contingant:
524 823 565 864 ex
591 805 774 883 poenitente
801 804 882 868 enim
898 807 933 885 11)
957 809 1093 872 dicimus
1118 808 1159 870 de
1185 827 1225 870 eo

50 891 177 975 ›qui⁴)
189 899 261 971 post
279 892 467 971 baptismum
487 907 543 968 prc
563 889 729 950 homicidio
751 898 805 950 aut
824 909 880 968 pro
897 892 1032 956 diversis
1048 891 1227 956 criminibus

73 986 134 1062 aut
160 977 354 1059 gravissimis
382 970 529 1054 peccabis
557 973 712 1053 publicam
742 972 968 1055 poenitentiam
995 979 1054 1042 sub
1076 979 1178 1042 cilicio
1191 977 1226 1057 ὅ)

72 1069 192 1148 gerens
213 1060 317 1123 divino
332 1061 431 1138 ‚fuerit
447 1059 666 1122 reconciliatus
687 1059 807 1123 altario.
1023 1080 1117 1141 (Μ,
1132 1084 1167 1141 1„
1182 1081 1226 1142 2.)
1295 1087 1297 1098 ·
1338 1137 1341 1142 ἡ

115 1187 238 1256 XXIV.
280 1185 332 1251 De
353 1185 403 1250 ta
425 1187 481 1271 qui
501 1186 572 1248 sine
592 1187 787 1250 discretione
801 1185 835 1266 8)
856 1195 915 1252 out
927 1190 1109 1276 presbyteri
1129 1199 1188 1256 aut

442 1272 758 1362 diococeeyordr'rrutr'
777 1281 880 1354 sunt.
1226 1310 1230 1316 ·

159 1360 198 1426 Si
226 1358 297 1442 quis
324 1359 490 1442 presbyter
517 1366 572 1426 aut
600 1356 751 1420 diaconus
779 1360 848 1422 sine
875 1360 978 1443 aliqua
998 1362 1230 1426 examinatione

72 1446 210 1512 ordinati
238 1453 328 1526 sunt,
360 1453 416 1506 aut
442 1451 530 1506 certe
556 1447 642 1505 cum·
655 1443 886 1508 discuterentur
911 1448 1076 1511 criminosa
1095 1459 1232 1529 peccata

73 1553 137 1597 sua
165 1532 351 1596 celaverunt
366 1529 417 1611 ⁷),
444 1538 478 1590 et
504 1537 579 1608 post
605 1528 830 1592 ordinationem
856 1532 895 1594 ab
916 1533 985 1596 aliis
1006 1543 1081 1596 sunt
1101 1534 1231 1620 detecti,
1300 1581 1306 1586 .

75 1618 266 1700 abjiciantur
285 1634 304 1678 a
326 1616 419 1677 clero.
463 1612 613 1678 Similiter
638 1622 673 1675 et
700 1615 740 1676 de
766 1617 913 1680 universo
935 1619 1041 1681 ordine
1063 1621 1138 1684 cleri
1159 1639 1232 1684 ser-

74 1713 192 1787 vetur3
222 1718 294 1764 nam
323 1702 386 1762 hoc
414 1700 474 1762 sibi
500 1698 584 1781 quod
609 1697 878 1783 irreprehensibile
905 1713 957 1767 est
983 1714 1097 1768 sancta
1117 1714 1150 1767 et
1172 1724 1233 1768 ca-

12 1783 15 1790 ’
76 1792 196 1853 thelica
218 1784 367 1851 defendet
380 1783 414 1864 ⁸)
437 1786 584 1850 ecclesia.
1051 1808 1170 1870 (nicaen.
1189 1810 1232 1870 9.)

104 1917 210 1982 XXV.
240 1914 292 1978 De
300 1913 496 1999 presbyteria
511 1911 605 2060 belg)
619 1912 807 1978 diaconibus
822 1919 878 1999 qai
885 1924 963 2000 post
977 1917 1214 1982 ordinatiorem
1312 1918 1318 1927 “

369 2059 376 2072 ,
577 2006 758 2061 coactantur.

167 2087 204 2150 Si
238 2087 309 2170 quis
338 2085 506 2168 presbyter
532 2092 605 2144 ante
632 2083 857 2146 ordinationem
871 2140 872 2143 ,
886 2085 1070 2165 peccaverit
1097 2094 1132 2151 et
1160 2096 1237 2170 post

74 2173 306 2239 ordinationem
325 2172 492 2236 confessus
512 2167 606 2232 lirerit
626 2166 699 2250 quia
720 2178 795 2230 ante
808 2168 863 2249 10)
885 2170 1008 2254 erravit,
1029 2193 1092 2243 non
1112 2167 1237 2256 offerat,

83 2261 144 2324 sed
164 2269 286 2322 tantum
306 2276 361 2340 pm
383 2257 535 2340 religione
560 2272 675 2316 nomen
701 2257 876 2338 presbyteri
904 2265 1016 2340 portet.
1066 2257 1103 2322 Si
1131 2270 1237 2326 autem

83 2366 146 2409 non
173 2345 244 2426 ipse
271 2344 453 2424 confessus,
480 2339 540 2403 sed
561 2341 600 2404 ab
622 2340 682 2402 alio
702 2343 828 2421 publice
848 2343 943 2420 fuerit
962 2346 1147 2426 convictus,
1163 2365 1238 2410 *nec

85 2432 127 2494 ad
156 2431 219 2494 hoc
252 2428 354 2511 ipsum
371 2426 427 2507 ¹¹)
461 2426 580 2488 habeat
614 2434 826 2509 potestatem,
856 2436 892 2490 ut
921 2446 1035 2491 nomen
1061 2431 1239 2514 presbyteri

84 2523 198 2600 portet.
239 2514 388 2578 Similiter
411 2520 445 2573 et
467 2511 507 2573 de
528 2511 710 2572 diaconibus
731 2513 960 2574 observandum
981 2523 1042 2595 est,
1062 2523 1097 2576 ut
1118 2515 1147 2577 si
1167 2517 1239 2598 ipse

85 2601 255 2668 confessus
275 2600 368 2664 lberit
388 2595 526 2660 ordinem
547 2595 793 2658 subdiaconatus
814 2598 958 2680 accipiat

898 2689 900 2696 ’
954 2679 1241 2755 (marcescat-10.)

121 2769 243 2838 XXVI.
280 2767 404 2834 Dabis
425 2765 481 2852 qur*
501 2762 615 2830 viduos
636 2771 695 2828 aut
714 2764 862 2830 dimissas
883 2766 1208 2852 durunr1²Jautru

224 2867 228 2876 '
262 2889 266 2897 s
387 2859 391 2864 ’
423 2851 517 2918 malta
540 2849 683 2914 comitib
704 2855 801 2916 minti
821 2861 907 2916 aurat.

173 2955 212 3023 si
231 2959 303 3040 quis
320 2955 448 3020 viduam
469 2956 585 3018 aut-ab
608 2955 669 3016 alic
693 2954 1013 3040 dimissamduxerit,
1038 2975 1101 3020 non
1127 2955 1246 3024 admit-

75 3051 175 3116 ,tatur
203 3043 244 3106 ad
269 3043 403 3124 clerum,
436 3050 492 3104 aut
517 3041 546 3102 si
573 3039 714 3120 obrepsit
741 3039 904 3120 dejiciatur
919 3041 982 3122 18).
1038 3044 1188 3109 Similiter
1215 3041 1255 3112 ai

88 3125 248 3194 homicidii
276 3137 332 3191 aut
355 3129 442 3191 sacto
469 3126 526 3186 vel
539 3122 594 3203 14)
620 3132 791 3206 praecepto
821 3135 876 3189 aut
902 3127 1032 3193 consilio
1052 3140 1110 3193 aut
1128 3149 1247 3196 assen-

89 3217 181 3280 sione
197 3212 253 3293 ιὸ)
278 3221 352 3295 post
371 3207 561 3292 baptismum
582 3210 732 3296 conscius
752 3211 860 3294 luerit,
881 3220 915 3276 et
935 3233 992 3296 per
1011 3214 1147 3297 aliquam
1166 3218 1248 3280 sub·

89 3301 268 3382 reptionem
289 3300 329 3362 ad
351 3299 532 3362 clericatum
551 3294 690 3378 venerit,
717 3295 879 3380 dejiciatur
900 3297 1246 3379 ermeneumata
1326 3351 1332 3359 ,

87 3406 170 3452 suae
191 3381 439 3450 communionem
458 3382 590 3464 recipiat
605 3378 669 3460 Η).
1018 3397 1173 3462 (sporrone.
1188 3401 1248 3464 rr.)

333 3511 468 3575 XXVII.
511 3505 563 3571 De
586 3505 841 3598 fornicatoribus
868 3507 1004 3574 clericis.

78 3623 82 3632 ’
178 3613 218 3678 si
243 3612 314 3696 quis
340 3615 507 3698 presbyter
533 3619 588 3672 aut
607 3608 871 3702 diaconusfuerit
889 3612 1063 3676 fornicatus
1083 3620 1138 3677 aut
1157 3631 1270 3682 moe-r

91 3701 224 3782 chartus,
244 3698 424 3782 projiciatur
439 3705 480 3760 ‘et
499 3703 579 3780 agat
599 3694 830 3777 poenitendam.
906 3718 915 3732 ι
1022 3705 1251 3780 succensear.)
1366 3725 1369 3730 ’

138 3911 170 3979 1)
188 3917 356 3984 barcennona
378 3907 405 3960 in
422 3903 515 3962 m.'M.
566 3929 604 3948 ·-·
662 3905 692 3976 ²)
716 3911 844 3969 epistotam
865 3903 916 3972 Μ.,
938 3924 989 3962 nec
1009 3923 1073 3967 vero
1095 3911 1180 3967 Vatic.
1201 3939 1251 3977 ,-

83 4029 86 4036 Δ
140 3983 174 4048 a)
191 3988 384 4042 eenamcenam
399 3993 460 4030 vera
477 3977 506 4032 in
524 3993 559 4030 m.
575 3977 614 4030 Μ.
646 4000 684 4016 -
729 3973 759 4041 ⁴)
777 3983 833 4026 tter
850 3985 916 4036 onoc
932 3978 968 4031 Μ.
1002 4009 1039 4022 -
1081 3983 1111 4052 ι)
1128 3992 1175 4036 aaa
1193 3990 1253 4036 cur-

169 4047 419 4118 ctodeestapM.
447 4073 485 4090 ·-
517 4045 547 4114 θ)
565 4057 607 4109 cot
622 4053 758 4100 imecurt
774 4043 802 4096 in
818 4061 855 4096 m.
871 4046 909 4099 M.
938 4075 974 4090 —-
1006 4051 1035 4120 Ψ)
1060 4059 1250 4118 confessarum,

167 4121 234 4174 alias
250 4120 389 4186 legebatur
406 4123 515 4180 corruet
530 4135 581 4170 non
597 4127 656 4170 auct
674 4117 701 4168 in
719 4129 754 4166 m.
770 4113 808 4165 M.
831 4142 868 4158 -·
894 4125 1037 4175 celaveram
1060 4124 1133 4176 deest
1149 4123 1178 4174 in
1196 4124 1251 4178 Vo-

166 4190 248 4244 tican.
282 4215 320 4230 -··
362 4187 391 4256 8)
409 4193 523 4250 defmdtt
538 4187 576 4240 M.
609 4213 646 4228 -
689 4183 717 4250 ⁹)
736 4191 780 4234 aar
797 4184 834 4238 M.
867 4211 905 4229 -··
943 4190 992 4258 1⁰)
1011 4203 1053 4253 qut
1069 4203 1141 4244 anteo
1158 4191 1196 4244 M.
1215 4221 1251 4233 -

118 4261 173 4330 ιι)
189 4276 238 4314 aec
254 4267 301 4310 troo
317 4267 372 4322 tpao
389 4257 475 4311 Vatic.
509 4258 614 4312 Desunt
636 4257 702 4310 haee
719 4255 814 4305 verba:
845 4262 875 4308 sl
891 4268 973 4311 cotem
988 4279 1039 4312 non
1054 4271 1109 4324 apra
1125 4287 1161 4300 -
1177 4279 1252 4323 prer-

160 4338 250 4394 upta-t
265 4337 357 4391 portet,
376 4344 418 4396 ap.
434 4328 473 4380 Μ.
506 4351 543 4367 --
582 4326 632 4396 ιιι)
649 4321 794 4390 Sequentia
810 4323 878 4378 tituli
895 4332 974 4383 rerba
992 4332 1086 4382 desunt
1101 4344 1144 4399 ap.
1161 4330 1199 4383 Μ.
1215 4357 1253 4374 -

87 4439 90 4444 .
119 4401 174 4470 1⁸)
193 4405 333 4461 camma
348 4405 481 4460 amaran
497 4397 534 4449 M.
569 4421 606 4436 -
644 4393 694 4460 1⁴)
712 4401 756 4446 out
772 4394 810 4457 Μ.
852 4424 889 4436 -
933 4399 983 4466 1³)
1001 4407 1150 4452 carmelum
1167 4399 1252 4467 Vatia.
1366 4430 1370 4441 ·

169 4495 208 4510 -
234 4474 379 4532 &tendere
401 4472 443 4520 est
466 4467 538 4536 apud
561 4465 732 4528 Gratianum,
758 4480 849 4519 aarum
874 4455 1046 4530 Gregoribna'
1061 4475 1125 4522 ncta
1147 4469 1254 4522 ridetur·

111 4545 112 4552 ’
168 4539 285 4608 probare
301 4536 371 4590 banc
385 4535 534 4593 lectionem.
563 4531 683 4589 Manui.
716 4549 753 4576 ³-
791 4534 974 4603 Ultorem
990 4537 1041 4607 M„
1062 4563 1099 4581 -.
1137 4538 1254 4608 ΗΜ,

72 4633 82 4644 ,
169 4617 278 4672 reciptet
294 4607 348 4672 M.‚
370 4605 603 4662 retractatio.
1034 4621 1039 4631 ·

142 4700 213 4748 atel.
227 4699 285 4752 roci.
302 4704 323 4746 1.
334 4709 356 4750 2.
659 4749 672 4759 ,
781 4721 784 4728 ⁴
993 4689 1015 4750 4
