<?xml version="1.0" encoding="UTF-8"?>
<!DOCTYPE html PUBLIC "-//W3C//DTD XHTML 1.0 Transitional//EN"
    "http://www.w3.org/TR/xhtml1/DTD/xhtml1-transitional.dtd">
<html xmlns="http://www.w3.org/1999/xhtml" xml:lang="en" lang="en">
 <head>
  <title>
</title>
<meta http-equiv="Content-Type" content="text/html;charset=utf-8" />
  <meta name='ocr-system' content='tesseract 3.04.00' />
  <meta name='ocr-capabilities' content='ocr_page ocr_carea ocr_par ocr_line ocrx_word'/>
</head>
<body>
  <div class='ocr_page' id='page_1' title='image "./canonesapostolo01brungoog_0248.png"; bbox 0 0 2868 5040; ppageno 0'>
   <div class='ocr_carea' id='block_1_1' title="bbox 203 193 1067 267">
    <p class='ocr_par' dir='ltr' id='par_1_1' title="bbox 203 193 1067 267">
     <span class='ocr_line' id='line_1_1' title="bbox 203 193 1067 267; baseline 0 0"><span class='ocrx_word' id='word_1_1' title='bbox 203 195 268 267; x_wconf 66' lang='lat' dir='ltr'><strong>fii</strong></span> <span class='ocrx_word' id='word_1_2' title='bbox 486 193 729 266; x_wconf 63' lang='lat' dir='ltr'><strong>maculosi</strong></span> <span class='ocrx_word' id='word_1_3' title='bbox 750 194 1008 266; x_wconf 66' lang='lat' dir='ltr'><strong>musico!</strong></span> <span class='ocrx_word' id='word_1_4' title='bbox 1027 197 1067 267; x_wconf 77' lang='lat' dir='ltr'><strong>ll·</strong></span> 
     </span>
    </p>
   </div>
   <div class='ocr_carea' id='block_1_2' title="bbox 156 359 1365 876">
    <p class='ocr_par' dir='ltr' id='par_1_2' title="bbox 156 359 1365 876">
     <span class='ocr_line' id='line_1_2' title="bbox 204 359 1364 452; baseline 0.004 -24"><span class='ocrx_word' id='word_1_5' title='bbox 204 359 353 428; x_wconf 72' lang='lat' dir='ltr'><strong>masenii</strong></span> <span class='ocrx_word' id='word_1_6' title='bbox 377 371 433 428; x_wconf 80' lang='lat' dir='ltr'><strong>aut</strong></span> <span class='ocrx_word' id='word_1_7' title='bbox 459 363 620 450; x_wconf 70' lang='lat' dir='ltr'><strong>distringi,</strong></span> <span class='ocrx_word' id='word_1_8' title='bbox 650 361 724 431; x_wconf 90' lang='lat' dir='ltr'><strong>illud</strong></span> <span class='ocrx_word' id='word_1_9' title='bbox 751 364 933 435; x_wconf 77' lang='lat' dir='ltr'><strong>oemaimas</strong></span> <span class='ocrx_word' id='word_1_10' title='bbox 950 365 1173 450; x_wconf 73' lang='lat' dir='ltr'><strong>statuendum,</strong></span> <span class='ocrx_word' id='word_1_11' title='bbox 1198 375 1239 430; x_wconf 89' lang='lat' dir='ltr'><strong>nt</strong></span> <span class='ocrx_word' id='word_1_12' title='bbox 1258 385 1364 452; x_wconf 81' lang='lat' dir='ltr'><strong>quas·</strong></span> 
     </span>
     <span class='ocr_line' id='line_1_3' title="bbox 156 447 1364 528; baseline 0.005 -16"><span class='ocrx_word' id='word_1_13' title='bbox 156 501 161 524; x_wconf 80' lang='grc'><strong>,</strong></span> <span class='ocrx_word' id='word_1_14' title='bbox 206 464 340 528; x_wconf 86' lang='lat' dir='ltr'><strong>eumque</strong></span> <span class='ocrx_word' id='word_1_15' title='bbox 359 447 591 514; x_wconf 77' lang='lat' dir='ltr'><strong>nuniucentias</strong></span> <span class='ocrx_word' id='word_1_16' title='bbox 620 451 742 516; x_wconf 89' lang='lat' dir='ltr'><strong>clericis</strong></span> <span class='ocrx_word' id='word_1_17' title='bbox 770 461 827 515; x_wconf 87' lang='lat' dir='ltr'><strong>aut</strong></span> <span class='ocrx_word' id='word_1_18' title='bbox 853 449 1064 516; x_wconf 86' lang='lat' dir='ltr'><strong>servientibus</strong></span> <span class='ocrx_word' id='word_1_19' title='bbox 1090 454 1163 519; x_wconf 87' lang='lat' dir='ltr'><strong>sive</strong></span> <span class='ocrx_word' id='word_1_20' title='bbox 1191 451 1237 517; x_wconf 88' lang='lat' dir='ltr'><strong>de</strong></span> <span class='ocrx_word' id='word_1_21' title='bbox 1264 453 1364 525; x_wconf 81' lang='lat' dir='ltr'><strong>rebus</strong></span> 
     </span>
     <span class='ocr_line' id='line_1_4' title="bbox 205 531 1364 620; baseline 0.007 -26"><span class='ocrx_word' id='word_1_22' title='bbox 205 531 363 594; x_wconf 82' lang='lat' dir='ltr'><strong>ecclesiae</strong></span> <span class='ocrx_word' id='word_1_23' title='bbox 382 531 415 596; x_wconf 90' lang='lat' dir='ltr'><strong>in</strong></span> <span class='ocrx_word' id='word_1_24' title='bbox 435 553 526 598; x_wconf 90' lang='lat' dir='ltr'><strong>usum</strong></span> <span class='ocrx_word' id='word_1_25' title='bbox 547 545 603 600; x_wconf 87' lang='lat' dir='ltr'><strong>aut</strong></span> <span class='ocrx_word' id='word_1_26' title='bbox 622 536 663 618; x_wconf 79' lang='lat' dir='ltr'><strong>de</strong></span> <span class='ocrx_word' id='word_1_27' title='bbox 685 537 816 618; x_wconf 88' lang='lat' dir='ltr'><strong>propriis</strong></span> <span class='ocrx_word' id='word_1_28' title='bbox 837 537 869 603; x_wconf 91' lang='lat' dir='ltr'><strong>io</strong></span> <span class='ocrx_word' id='word_1_29' title='bbox 888 537 1108 620; x_wconf 73' lang='lat' dir='ltr'><strong>proprietatem</strong></span> <span class='ocrx_word' id='word_1_30' title='bbox 1123 535 1364 620; x_wconf 84' lang='lat' dir='ltr'><strong>praecedentes</strong></span> 
     </span>
     <span class='ocr_line' id='line_1_5' title="bbox 205 615 1363 704; baseline 0.005 -24"><span class='ocrx_word' id='word_1_31' title='bbox 205 615 353 704; x_wconf 85' lang='lat' dir='ltr'><strong>dederint</strong></span> <span class='ocrx_word' id='word_1_32' title='bbox 368 619 574 702; x_wconf 81' lang='lat' dir='ltr'><strong>sacerdotes,</strong></span> <span class='ocrx_word' id='word_1_33' title='bbox 595 621 827 704; x_wconf 75' lang='lat' dir='ltr'><strong>subsequentes</strong></span> <span class='ocrx_word' id='word_1_34' title='bbox 847 621 1013 704; x_wconf 86' lang='lat' dir='ltr'><strong>pontifices</strong></span> <span class='ocrx_word' id='word_1_35' title='bbox 1033 621 1212 688; x_wconf 87' lang='lat' dir='ltr'><strong>nullatenus</strong></span> <span class='ocrx_word' id='word_1_36' title='bbox 1235 623 1363 686; x_wconf 80' lang='lat' dir='ltr'><strong>auierro</strong></span> 
     </span>
     <span class='ocr_line' id='line_1_6' title="bbox 205 705 1365 790; baseline 0.005 -26"><span class='ocrx_word' id='word_1_37' title='bbox 205 711 423 786; x_wconf 89' lang='lat' dir='ltr'><strong>praesumant·</strong></span> <span class='ocrx_word' id='word_1_38' title='bbox 455 705 485 768; x_wconf 90' lang='lat' dir='ltr'><strong>si</strong></span> <span class='ocrx_word' id='word_1_39' title='bbox 505 705 580 788; x_wconf 91' lang='lat' dir='ltr'><strong>quid</strong></span> <span class='ocrx_word' id='word_1_40' title='bbox 600 713 706 768; x_wconf 89' lang='lat' dir='ltr'><strong>tamen</strong></span> <span class='ocrx_word' id='word_1_41' title='bbox 728 707 839 788; x_wconf 87' lang='lat' dir='ltr'><strong>culpae</strong></span> <span class='ocrx_word' id='word_1_42' title='bbox 861 708 1011 789; x_wconf 85' lang='lat' dir='ltr'><strong>extiterit,</strong></span> <span class='ocrx_word' id='word_1_43' title='bbox 1032 726 1087 789; x_wconf 88' lang='lat' dir='ltr'><strong>pro</strong></span> <span class='ocrx_word' id='word_1_44' title='bbox 1108 707 1264 790; x_wconf 71' lang='lat' dir='ltr'><strong>qualitate</strong></span> <span class='ocrx_word' id='word_1_45' title='bbox 1284 727 1365 788; x_wconf 89' lang='lat' dir='ltr'><strong>pcr-</strong></span> 
     </span>
     <span class='ocr_line' id='line_1_7' title="bbox 206 750 1363 876; baseline 0.005 -26"><span class='ocrx_word' id='word_1_46' title='bbox 206 805 351 853; x_wconf 86' lang='lat' dir='ltr'><strong>sonarom</strong></span> <span class='ocrx_word' id='word_1_47' title='bbox 371 750 425 852; x_wconf 67' lang='lat' dir='ltr'><strong>vei</strong></span> <span class='ocrx_word' id='word_1_48' title='bbox 447 789 558 874; x_wconf 81' lang='lat' dir='ltr'><strong>regula</strong></span> <span class='ocrx_word' id='word_1_49' title='bbox 579 809 734 854; x_wconf 69' lang='lat' dir='ltr'><strong>emonam</strong></span> <span class='ocrx_word' id='word_1_50' title='bbox 752 789 1006 873; x_wconf 83' lang='lat' dir='ltr'><strong>praecedentium</strong></span> <span class='ocrx_word' id='word_1_51' title='bbox 1025 791 1059 856; x_wconf 88' lang='lat' dir='ltr'><strong>io</strong></span> <span class='ocrx_word' id='word_1_52' title='bbox 1078 810 1217 876; x_wconf 85' lang='lat' dir='ltr'><strong>persona</strong></span> <span class='ocrx_word' id='word_1_53' title='bbox 1235 792 1363 856; x_wconf 83' lang='lat' dir='ltr'><strong>halea-</strong></span> 
     </span>
    </p>
   </div>
   <div class='ocr_carea' id='block_1_3' title="bbox 205 869 760 956">
    <p class='ocr_par' dir='ltr' id='par_1_3' title="bbox 205 869 760 956">
     <span class='ocr_line' id='line_1_8' title="bbox 205 869 760 956; baseline 0.007 -20"><span class='ocrx_word' id='word_1_54' title='bbox 205 879 270 956; x_wconf 92' lang='lat' dir='ltr'><strong>tur,</strong></span> <span class='ocrx_word' id='word_1_55' title='bbox 291 892 354 936; x_wconf 92' lang='lat' dir='ltr'><strong>non</strong></span> <span class='ocrx_word' id='word_1_56' title='bbox 372 869 405 956; x_wconf 81' lang='lat' dir='ltr'><strong>in</strong></span> <span class='ocrx_word' id='word_1_57' title='bbox 423 873 574 938; x_wconf 77' lang='lat' dir='ltr'><strong>facultate</strong></span> <span class='ocrx_word' id='word_1_58' title='bbox 596 871 760 940; x_wconf 85' lang='lat' dir='ltr'><strong>districtio.</strong></span> 
     </span>
    </p>
   </div>
   <div class='ocr_carea' id='block_1_4' title="bbox 289 1095 1361 1278">
    <p class='ocr_par' dir='ltr' id='par_1_4' title="bbox 289 1095 1361 1278">
     <span class='ocr_line' id='line_1_9' title="bbox 682 1095 887 1158; baseline -0.005 0"><span class='ocrx_word' id='word_1_59' title='bbox 682 1095 887 1158; x_wconf 76' lang='lat' dir='ltr'><strong>celebrandis.</strong></span> 
     </span>
     <span class='ocr_line' id='line_1_10' title="bbox 289 1189 1361 1278; baseline -0.004 -18"><span class='ocrx_word' id='word_1_60' title='bbox 289 1191 414 1260; x_wconf 81' lang='lat' dir='ltr'><strong>Placuit</strong></span> <span class='ocrx_word' id='word_1_61' title='bbox 435 1191 530 1258; x_wconf 84' lang='lat' dir='ltr'><strong>etiarn</strong></span> <span class='ocrx_word' id='word_1_62' title='bbox 555 1193 713 1260; x_wconf 88' lang='lat' dir='ltr'><strong>universis</strong></span> <span class='ocrx_word' id='word_1_63' title='bbox 739 1195 901 1277; x_wconf 83' lang='lat' dir='ltr'><strong>iratribus,</strong></span> <span class='ocrx_word' id='word_1_64' title='bbox 931 1201 968 1258; x_wconf 91' lang='lat' dir='ltr'><strong>ut</strong></span> <span class='ocrx_word' id='word_1_65' title='bbox 988 1189 1020 1258; x_wconf 91' lang='lat' dir='ltr'><strong>in</strong></span> <span class='ocrx_word' id='word_1_66' title='bbox 1040 1193 1139 1278; x_wconf 84' lang='lat' dir='ltr'><strong>prima</strong></span> <span class='ocrx_word' id='word_1_67' title='bbox 1156 1189 1361 1258; x_wconf 81' lang='lat' dir='ltr'><strong>hebdomada</strong></span> 
     </span>
    </p>
   </div>
   <div class='ocr_carea' id='block_1_5' title="bbox 106 1277 1360 1368">
    <p class='ocr_par' dir='ltr' id='par_1_5' title="bbox 106 1277 1360 1368">
     <span class='ocr_line' id='line_1_11' title="bbox 106 1277 1360 1368; baseline -0.004 -24"><span class='ocrx_word' id='word_1_68' title='bbox 106 1337 118 1368; x_wconf 54' lang='lat' dir='ltr'><em>s</em></span> <span class='ocrx_word' id='word_1_69' title='bbox 206 1277 281 1344; x_wconf 87' lang='lat' dir='ltr'><strong>noni</strong></span> <span class='ocrx_word' id='word_1_70' title='bbox 301 1281 435 1360; x_wconf 87' lang='lat' dir='ltr'><strong>mensis,</strong></span> <span class='ocrx_word' id='word_1_71' title='bbox 456 1279 589 1344; x_wconf 85' lang='lat' dir='ltr'><strong>honest</strong></span> <span class='ocrx_word' id='word_1_72' title='bbox 610 1279 785 1344; x_wconf 84' lang='lat' dir='ltr'><strong>antediem</strong></span> <span class='ocrx_word' id='word_1_73' title='bbox 807 1279 992 1344; x_wconf 82' lang='lat' dir='ltr'><strong>dominicata</strong></span> <span class='ocrx_word' id='word_1_74' title='bbox 1013 1299 1096 1362; x_wconf 89' lang='lat' dir='ltr'><strong>quae</strong></span> <span class='ocrx_word' id='word_1_75' title='bbox 1115 1280 1216 1362; x_wconf 86' lang='lat' dir='ltr'><strong>prima</strong></span> <span class='ocrx_word' id='word_1_76' title='bbox 1237 1280 1271 1341; x_wconf 90' lang='lat' dir='ltr'><strong>in</strong></span> <span class='ocrx_word' id='word_1_77' title='bbox 1291 1281 1360 1360; x_wconf 88' lang='lat' dir='ltr'><strong>ipso</strong></span> 
     </span>
    </p>
   </div>
   <div class='ocr_carea' id='block_1_6' title="bbox 207 1362 1361 1442">
    <p class='ocr_par' dir='ltr' id='par_1_6' title="bbox 207 1362 1361 1442">
     <span class='ocr_line' id='line_1_12' title="bbox 207 1362 1361 1442; baseline -0.003 -14"><span class='ocrx_word' id='word_1_78' title='bbox 207 1383 318 1428; x_wconf 84' lang='lat' dir='ltr'><strong>menae</strong></span> <span class='ocrx_word' id='word_1_79' title='bbox 338 1363 491 1442; x_wconf 82' lang='lat' dir='ltr'><strong>illuxerit,</strong></span> <span class='ocrx_word' id='word_1_80' title='bbox 511 1365 643 1442; x_wconf 65' lang='lat' dir='ltr'><strong>plitaniae</strong></span> <span class='ocrx_word' id='word_1_81' title='bbox 664 1366 748 1428; x_wconf 88' lang='lat' dir='ltr'><strong>siout</strong></span> <span class='ocrx_word' id='word_1_82' title='bbox 767 1373 842 1429; x_wconf 86' lang='lat' dir='ltr'><strong>ante</strong></span> <span class='ocrx_word' id='word_1_83' title='bbox 862 1365 1081 1428; x_wconf 79' lang='lat' dir='ltr'><strong>ascensionem</strong></span> <span class='ocrx_word' id='word_1_84' title='bbox 1110 1362 1228 1429; x_wconf 85' lang='lat' dir='ltr'><strong>domini</strong></span> <span class='ocrx_word' id='word_1_85' title='bbox 1257 1364 1361 1426; x_wconf 87' lang='lat' dir='ltr'><strong>sancti</strong></span> 
     </span>
    </p>
   </div>
   <div class='ocr_carea' id='block_1_7' title="bbox 204 1445 1358 1617">
    <p class='ocr_par' dir='ltr' id='par_1_7' title="bbox 204 1445 1358 1617">
     <span class='ocr_line' id='line_1_13' title="bbox 204 1445 1358 1534; baseline 0 -23"><span class='ocrx_word' id='word_1_86' title='bbox 204 1457 314 1530; x_wconf 87' lang='lat' dir='ltr'><strong>patres</strong></span> <span class='ocrx_word' id='word_1_87' title='bbox 344 1447 411 1510; x_wconf 84' lang='lat' dir='ltr'><strong>deri</strong></span> <span class='ocrx_word' id='word_1_88' title='bbox 439 1445 664 1534; x_wconf 86' lang='lat' dir='ltr'><strong>decreverunt,</strong></span> <span class='ocrx_word' id='word_1_89' title='bbox 696 1447 848 1534; x_wconf 79' lang='lat' dir='ltr'><strong>deinceps</strong></span> <span class='ocrx_word' id='word_1_90' title='bbox 879 1449 932 1514; x_wconf 52' lang='lat' dir='ltr'><strong>tilix</strong></span> <span class='ocrx_word' id='word_1_91' title='bbox 948 1449 1091 1524; x_wconf 59' lang='lat' dir='ltr'><strong>omnbus</strong></span> <span class='ocrx_word' id='word_1_92' title='bbox 1118 1449 1272 1519; x_wconf 84' lang='lat' dir='ltr'><strong>ecelesiis</strong></span> <span class='ocrx_word' id='word_1_93' title='bbox 1298 1467 1358 1513; x_wconf 89' lang='lat' dir='ltr'><strong>seu</strong></span> 
     </span>
     <span class='ocr_line' id='line_1_14' title="bbox 204 1531 589 1617; baseline 0.008 -21"><span class='ocrx_word' id='word_1_94' title='bbox 204 1531 362 1617; x_wconf 79' lang='lat' dir='ltr'><strong>peroodiis</strong></span> <span class='ocrx_word' id='word_1_95' title='bbox 382 1531 589 1599; x_wconf 85' lang='lat' dir='ltr'><strong>oelebreotur.</strong></span> 
     </span>
    </p>
   </div>
   <div class='ocr_carea' id='block_1_8' title="bbox 611 1865 953 1880">
    <p class='ocr_par' dir='ltr' id='par_1_8' title="bbox 611 1865 953 1880">
     <span class='ocr_line' id='line_1_15' title="bbox 611 1865 953 1880; baseline -0.006 0"><span class='ocrx_word' id='word_1_96' title='bbox 611 1865 953 1880; x_wconf 59' lang='lat' dir='ltr'><em>m</em></span> 
     </span>
    </p>
   </div>
   <div class='ocr_carea' id='block_1_9' title="bbox 260 2107 1424 2262">
    <p class='ocr_par' dir='ltr' id='par_1_9' title="bbox 260 2107 1424 2262">
     <span class='ocr_line' id='line_1_16' title="bbox 260 2107 1424 2262; baseline -0.003 -41"><span class='ocrx_word' id='word_1_97' title='bbox 260 2141 556 2222; x_wconf 79' lang='lat' dir='ltr'><strong>conclururu</strong></span> <span class='ocrx_word' id='word_1_98' title='bbox 581 2109 936 2237; x_wconf 59' lang='lat' dir='ltr'><strong>ausonianas</strong></span> <span class='ocrx_word' id='word_1_99' title='bbox 961 2107 1311 2237; x_wconf 61' lang='lat' dir='ltr'><strong>ssouuuunn.</strong></span> <span class='ocrx_word' id='word_1_100' title='bbox 1423 2201 1424 2262; x_wconf 62' lang='lat'><em>3</em></span> 
     </span>
    </p>
   </div>
   <div class='ocr_carea' id='block_1_10' title="bbox 205 1004 1424 2248">
    <p class='ocr_par' dir='ltr' id='par_1_10' title="bbox 205 997 1424 2248">
     <span class='ocr_line' id='line_1_17' title="bbox 205 1004 1361 1097; baseline 0 -23"><span class='ocrx_word' id='word_1_101' title='bbox 205 1009 263 1074; x_wconf 87' lang='lat' dir='ltr'><strong>Vl.</strong></span> <span class='ocrx_word' id='word_1_102' title='bbox 290 1004 344 1074; x_wconf 77' lang='lat' dir='ltr'><strong>Do</strong></span> <span class='ocrx_word' id='word_1_103' title='bbox 363 1008 491 1074; x_wconf 81' lang='lat' dir='ltr'><strong>litaniis</strong></span> <span class='ocrx_word' id='word_1_104' title='bbox 507 1013 615 1097; x_wconf 81' lang='lat' dir='ltr'><strong>primo</strong></span> <span class='ocrx_word' id='word_1_105' title='bbox 634 1008 821 1078; x_wconf 75' lang='lat' dir='ltr'><strong>Novembris</strong></span> <span class='ocrx_word' id='word_1_106' title='bbox 841 1009 1035 1074; x_wconf 75' lang='lat' dir='ltr'><strong>hebdomoda</strong></span> <span class='ocrx_word' id='word_1_107' title='bbox 1055 1011 1093 1074; x_wconf 79' lang='lat' dir='ltr'><strong>in</strong></span> <span class='ocrx_word' id='word_1_108' title='bbox 1112 1013 1200 1074; x_wconf 70' lang='lat' dir='ltr'><strong>ononi</strong></span> <span class='ocrx_word' id='word_1_109' title='bbox 1222 1009 1361 1076; x_wconf 57' lang='lat' dir='ltr'><strong>occiano</strong></span> 
     </span>
     <span class='ocr_line' id='line_1_18' title="bbox 1423 1801 1424 1864; baseline 0 0"><span class='ocrx_word' id='word_1_110' title='bbox 1423 1801 1424 1864; x_wconf 77' lang='lat' dir='ltr'><strong>l</strong></span> 
     </span>
     <span class='ocr_line' id='line_1_19' title="bbox 1423 2149 1424 2194; baseline 0 0"><span class='ocrx_word' id='word_1_111' title='bbox 1423 2149 1424 2194; x_wconf 83' lang='lat' dir='ltr'><strong>i</strong></span> 
     </span>
     <span class='ocr_line' id='line_1_20' title="bbox 1423 2205 1424 2248; baseline 0 0"><span class='ocrx_word' id='word_1_112' title='bbox 1423 2205 1424 2248; x_wconf 76' lang='lat' dir='ltr'><strong>r</strong></span> 
     </span>
    </p>
   </div>
   <div class='ocr_carea' id='block_1_11' title="bbox 122 2427 1424 4628">
    <p class='ocr_par' dir='ltr' id='par_1_11' title="bbox 206 2423 1424 2986">
     <span class='ocr_line' id='line_1_21' title="bbox 206 2427 1361 2556; baseline -0.005 -19"><span class='ocrx_word' id='word_1_113' title='bbox 206 2427 481 2537; x_wconf 67' lang='lat' dir='ltr'><strong>Ecclesiasticae</strong></span> <span class='ocrx_word' id='word_1_114' title='bbox 506 2469 689 2556; x_wconf 85' lang='lat' dir='ltr'><strong>disciplinae</strong></span> <span class='ocrx_word' id='word_1_115' title='bbox 702 2475 704 2478; x_wconf 81' lang='grc'><strong>’</strong></span> <span class='ocrx_word' id='word_1_116' title='bbox 717 2471 813 2536; x_wconf 87' lang='lat' dir='ltr'><strong>debet</strong></span> <span class='ocrx_word' id='word_1_117' title='bbox 839 2489 925 2536; x_wconf 88' lang='lat' dir='ltr'><strong>esse·</strong></span> <span class='ocrx_word' id='word_1_118' title='bbox 941 2470 1124 2556; x_wconf 82' lang='lat' dir='ltr'><strong>suffragium</strong></span> <span class='ocrx_word' id='word_1_119' title='bbox 1150 2470 1361 2556; x_wconf 78' lang='lat' dir='ltr'><strong>congregatio</strong></span> 
     </span>
     <span class='ocr_line' id='line_1_22' title="bbox 208 2563 1424 2649; baseline -0.004 -19"><span class='ocrx_word' id='word_1_120' title='bbox 208 2566 428 2649; x_wconf 81' lang='lat' dir='ltr'><strong>sacerdotum,</strong></span> <span class='ocrx_word' id='word_1_121' title='bbox 457 2583 519 2628; x_wconf 90' lang='lat' dir='ltr'><strong>nec</strong></span> <span class='ocrx_word' id='word_1_122' title='bbox 551 2565 633 2628; x_wconf 86' lang='lat' dir='ltr'><strong>aliud</strong></span> <span class='ocrx_word' id='word_1_123' title='bbox 663 2567 723 2629; x_wconf 87' lang='lat' dir='ltr'><strong>erit</strong></span> <span class='ocrx_word' id='word_1_124' title='bbox 752 2585 832 2630; x_wconf 89' lang='lat' dir='ltr'><strong>suae</strong></span> <span class='ocrx_word' id='word_1_125' title='bbox 860 2566 1077 2629; x_wconf 83' lang='lat' dir='ltr'><strong>sollicitudinis</strong></span> <span class='ocrx_word' id='word_1_126' title='bbox 1104 2573 1170 2628; x_wconf 86' lang='lat' dir='ltr'><strong>ianr</strong></span> <span class='ocrx_word' id='word_1_127' title='bbox 1195 2565 1360 2645; x_wconf 84' lang='lat' dir='ltr'><strong>peculiare</strong></span> <span class='ocrx_word' id='word_1_128' title='bbox 1423 2563 1424 2590; x_wconf 56' lang='lat'><strong>¹</strong></span> 
     </span>
     <span class='ocr_line' id='line_1_23' title="bbox 208 2649 1424 2734; baseline -0.003 -18"><span class='ocrx_word' id='word_1_129' title='bbox 208 2653 423 2730; x_wconf 73' lang='lat' dir='ltr'><strong>conscribere,</strong></span> <span class='ocrx_word' id='word_1_130' title='bbox 445 2669 537 2733; x_wconf 87' lang='lat' dir='ltr'><strong>quam</strong></span> <span class='ocrx_word' id='word_1_131' title='bbox 558 2649 642 2733; x_wconf 93' lang='lat' dir='ltr'><strong>quod</strong></span> <span class='ocrx_word' id='word_1_132' title='bbox 662 2651 703 2714; x_wconf 85' lang='lat' dir='ltr'><strong>ad</strong></span> <span class='ocrx_word' id='word_1_133' title='bbox 724 2650 957 2712; x_wconf 83' lang='lat' dir='ltr'><strong>fundamentum</strong></span> <span class='ocrx_word' id='word_1_134' title='bbox 977 2651 1134 2734; x_wconf 83' lang='lat' dir='ltr'><strong>religionis</strong></span> <span class='ocrx_word' id='word_1_135' title='bbox 1154 2649 1309 2730; x_wconf 88' lang='lat' dir='ltr'><strong>prolicere</strong></span> <span class='ocrx_word' id='word_1_136' title='bbox 1322 2649 1361 2728; x_wconf 79' lang='lat'><strong>³)</strong></span> <span class='ocrx_word' id='word_1_137' title='bbox 1423 2651 1424 2720; x_wconf 69' lang='grc' dir='ltr'>ζ</span> 
     </span>
     <span class='ocr_line' id='line_1_24' title="bbox 209 2734 1424 2821; baseline -0.004 -20"><span class='ocrx_word' id='word_1_138' title='bbox 209 2739 433 2819; x_wconf 83' lang='lat' dir='ltr'><strong>recognoverit</strong></span> <span class='ocrx_word' id='word_1_139' title='bbox 447 2734 567 2815; x_wconf 85' lang='lat' dir='ltr'><strong>operari</strong></span> <span class='ocrx_word' id='word_1_140' title='bbox 588 2753 650 2796; x_wconf 89' lang='lat' dir='ltr'><strong>nou</strong></span> <span class='ocrx_word' id='word_1_141' title='bbox 672 2744 790 2817; x_wconf 79' lang='lat' dir='ltr'><strong>cesset,</strong></span> <span class='ocrx_word' id='word_1_142' title='bbox 804 2744 840 2798; x_wconf 91' lang='lat' dir='ltr'><strong>ut</strong></span> <span class='ocrx_word' id='word_1_143' title='bbox 857 2755 928 2818; x_wconf 75' lang='lat' dir='ltr'><strong>cura</strong></span> <span class='ocrx_word' id='word_1_144' title='bbox 949 2735 1114 2821; x_wconf 82' lang='lat' dir='ltr'><strong>pastoralia</strong></span> <span class='ocrx_word' id='word_1_145' title='bbox 1135 2734 1262 2798; x_wconf 87' lang='lat' dir='ltr'><strong>cautela</strong></span> <span class='ocrx_word' id='word_1_146' title='bbox 1279 2753 1360 2817; x_wconf 88' lang='lat' dir='ltr'><strong>pro-</strong></span> <span class='ocrx_word' id='word_1_147' title='bbox 1423 2745 1424 2748; x_wconf 75' lang='grc'>’</span> 
     </span>
     <span class='ocr_line' id='line_1_25' title="bbox 207 2819 1361 2908; baseline -0.002 -26"><span class='ocrx_word' id='word_1_148' title='bbox 207 2831 344 2902; x_wconf 85' lang='lat' dir='ltr'><strong>pagatur</strong></span> <span class='ocrx_word' id='word_1_149' title='bbox 368 2821 400 2881; x_wconf 89' lang='lat' dir='ltr'><strong>in</strong></span> <span class='ocrx_word' id='word_1_150' title='bbox 425 2821 517 2883; x_wconf 87' lang='lat' dir='ltr'><strong>ovilis</strong></span> <span class='ocrx_word' id='word_1_151' title='bbox 542 2819 706 2903; x_wconf 86' lang='lat' dir='ltr'><strong>custodia,</strong></span> <span class='ocrx_word' id='word_1_152' title='bbox 735 2837 904 2908; x_wconf 85' lang='lat' dir='ltr'><strong>paucqrunt</strong></span> <span class='ocrx_word' id='word_1_153' title='bbox 931 2819 1109 2884; x_wconf 88' lang='lat' dir='ltr'><strong>veneranda</strong></span> <span class='ocrx_word' id='word_1_154' title='bbox 1125 2820 1266 2884; x_wconf 86' lang='lat' dir='ltr'><strong>decreta</strong></span> <span class='ocrx_word' id='word_1_155' title='bbox 1291 2821 1361 2882; x_wconf 89' lang='lat' dir='ltr'><strong>sint</strong></span> 
     </span>
     <span class='ocr_line' id='line_1_26' title="bbox 207 2901 1359 2986; baseline -0.005 -16"><span class='ocrx_word' id='word_1_156' title='bbox 207 2906 320 2970; x_wconf 82' lang='lat' dir='ltr'><strong>salutis</strong></span> <span class='ocrx_word' id='word_1_157' title='bbox 338 2901 483 2986; x_wconf 81' lang='lat' dir='ltr'><strong>publicae</strong></span> <span class='ocrx_word' id='word_1_158' title='bbox 503 2904 700 2968; x_wconf 86' lang='lat' dir='ltr'><strong>documenta.</strong></span> <span class='ocrx_word' id='word_1_159' title='bbox 725 2905 768 2968; x_wconf 81' lang='lat' dir='ltr'><strong>Et</strong></span> <span class='ocrx_word' id='word_1_160' title='bbox 787 2907 930 2986; x_wconf 76' lang='lat' dir='ltr'><strong>quonism</strong></span> <span class='ocrx_word' id='word_1_161' title='bbox 950 2905 1033 2985; x_wconf 93' lang='lat' dir='ltr'><strong>quod</strong></span> <span class='ocrx_word' id='word_1_162' title='bbox 1054 2906 1155 2968; x_wconf 89' lang='lat' dir='ltr'><strong>omitti</strong></span> <span class='ocrx_word' id='word_1_163' title='bbox 1174 2923 1238 2966; x_wconf 87' lang='lat' dir='ltr'><strong>non</strong></span> <span class='ocrx_word' id='word_1_164' title='bbox 1259 2903 1359 2968; x_wconf 90' lang='lat' dir='ltr'><strong>decet</strong></span> 
     </span>
    </p>

    <p class='ocr_par' dir='ltr' id='par_1_12' title="bbox 150 2983 1424 3416">
     <span class='ocr_line' id='line_1_27' title="bbox 173 2983 1424 3078; baseline -0.002 -26"><span class='ocrx_word' id='word_1_165' title='bbox 173 2983 179 2999; x_wconf 95' lang='grc'><strong>’</strong></span> <span class='ocrx_word' id='word_1_166' title='bbox 208 2997 332 3070; x_wconf 88' lang='lat' dir='ltr'><strong>oportet</strong></span> <span class='ocrx_word' id='word_1_167' title='bbox 354 2989 499 3070; x_wconf 88' lang='lat' dir='ltr'><strong>implere,</strong></span> <span class='ocrx_word' id='word_1_168' title='bbox 529 2992 712 3070; x_wconf 86' lang='lat' dir='ltr'><strong>praesertim</strong></span> <span class='ocrx_word' id='word_1_169' title='bbox 740 3008 811 3052; x_wconf 86' lang='lat' dir='ltr'><strong>oum</strong></span> <span class='ocrx_word' id='word_1_170' title='bbox 834 2990 930 3070; x_wconf 84' lang='lat' dir='ltr'><strong>&#39;cujus</strong></span> <span class='ocrx_word' id='word_1_171' title='bbox 944 2989 979 3068; x_wconf 76' lang='lat'><strong>⁴)</strong></span> <span class='ocrx_word' id='word_1_172' title='bbox 1007 2989 1047 3052; x_wconf 90' lang='lat' dir='ltr'><strong>ad</strong></span> <span class='ocrx_word' id='word_1_173' title='bbox 1069 2991 1237 3054; x_wconf 84' lang='lat' dir='ltr'><strong>animarum</strong></span> <span class='ocrx_word' id='word_1_174' title='bbox 1257 2990 1361 3052; x_wconf 65' lang='lat' dir='ltr'><strong>intel-¹</strong></span> <span class='ocrx_word' id='word_1_175' title='bbox 1423 3001 1424 3078; x_wconf 49' lang='lat'><em>3</em></span> 
     </span>
     <span class='ocr_line' id='line_1_28' title="bbox 150 3073 1357 3156; baseline 0.002 -22"><span class='ocrx_word' id='word_1_176' title='bbox 150 3086 156 3102; x_wconf 80' lang='lat'><strong><em>¹</em></strong></span> <span class='ocrx_word' id='word_1_177' title='bbox 207 3074 406 3152; x_wconf 82' lang='lat' dir='ltr'><strong>lectualiuna,</strong></span> <span class='ocrx_word' id='word_1_178' title='bbox 427 3074 468 3135; x_wconf 89' lang='lat' dir='ltr'><strong>de</strong></span> <span class='ocrx_word' id='word_1_179' title='bbox 488 3077 601 3153; x_wconf 90' lang='lat' dir='ltr'><strong>quibus</strong></span> <span class='ocrx_word' id='word_1_180' title='bbox 615 3074 681 3136; x_wconf 88' lang='lat' dir='ltr'><strong>-deo</strong></span> <span class='ocrx_word' id='word_1_181' title='bbox 703 3094 778 3138; x_wconf 89' lang='lat' dir='ltr'><strong>cura</strong></span> <span class='ocrx_word' id='word_1_182' title='bbox 799 3083 872 3154; x_wconf 73' lang='lat' dir='ltr'><strong>est,</strong></span> <span class='ocrx_word' id='word_1_183' title='bbox 888 3075 987 3144; x_wconf 80' lang='lat' dir='ltr'><strong>forma</strong></span> <span class='ocrx_word' id='word_1_184' title='bbox 1007 3075 1172 3156; x_wconf 82' lang='lat' dir='ltr'><strong>prooessit,</strong></span> <span class='ocrx_word' id='word_1_185' title='bbox 1193 3073 1264 3153; x_wconf 87' lang='lat' dir='ltr'><strong>ejus</strong></span> <span class='ocrx_word' id='word_1_186' title='bbox 1284 3083 1357 3138; x_wconf 84' lang='lat' dir='ltr'><strong>tra-</strong></span> 
     </span>
     <span class='ocr_line' id='line_1_29' title="bbox 207 3154 1356 3240; baseline -0.001 -19"><span class='ocrx_word' id='word_1_187' title='bbox 207 3154 334 3221; x_wconf 86' lang='lat' dir='ltr'><strong>ditionis</strong></span> <span class='ocrx_word' id='word_1_188' title='bbox 354 3156 407 3217; x_wconf 87' lang='lat' dir='ltr'><strong>lex</strong></span> <span class='ocrx_word' id='word_1_189' title='bbox 428 3155 468 3218; x_wconf 87' lang='lat' dir='ltr'><strong>ad</strong></span> <span class='ocrx_word' id='word_1_190' title='bbox 488 3157 653 3235; x_wconf 82' lang='lat' dir='ltr'><strong>pontifices</strong></span> <span class='ocrx_word' id='word_1_191' title='bbox 673 3157 873 3236; x_wconf 75' lang='lat' dir='ltr'><strong>manavit³):</strong></span> <span class='ocrx_word' id='word_1_192' title='bbox 893 3177 1030 3223; x_wconf 82' lang='lat' dir='ltr'><strong>neeesse</strong></span> <span class='ocrx_word' id='word_1_193' title='bbox 1045 3168 1097 3224; x_wconf 88' lang='lat' dir='ltr'><strong>est</strong></span> <span class='ocrx_word' id='word_1_194' title='bbox 1110 3157 1356 3240; x_wconf 69' lang='lat' dir='ltr'><strong>ugdanussime</strong></span> 
     </span>
     <span class='ocr_line' id='line_1_30' title="bbox 206 3239 1356 3325; baseline 0 -21"><span class='ocrx_word' id='word_1_195' title='bbox 206 3239 370 3322; x_wconf 88' lang='lat' dir='ltr'><strong>providere</strong></span> <span class='ocrx_word' id='word_1_196' title='bbox 401 3239 526 3321; x_wconf 88' lang='lat' dir='ltr'><strong>repulso</strong></span> <span class='ocrx_word' id='word_1_197' title='bbox 558 3249 702 3322; x_wconf 87' lang='lat' dir='ltr'><strong>torpore,</strong></span> <span class='ocrx_word' id='word_1_198' title='bbox 733 3251 768 3305; x_wconf 90' lang='lat' dir='ltr'><strong>ut</strong></span> <span class='ocrx_word' id='word_1_199' title='bbox 797 3242 945 3323; x_wconf 88' lang='lat' dir='ltr'><strong>quidquid</strong></span> <span class='ocrx_word' id='word_1_200' title='bbox 975 3244 1015 3306; x_wconf 86' lang='lat' dir='ltr'><strong>ab</strong></span> <span class='ocrx_word' id='word_1_201' title='bbox 1046 3243 1182 3325; x_wconf 82' lang='lat' dir='ltr'><strong>antiquis</strong></span> <span class='ocrx_word' id='word_1_202' title='bbox 1212 3244 1356 3324; x_wconf 78' lang='lat' dir='ltr'><strong>patribus</strong></span> 
     </span>
     <span class='ocr_line' id='line_1_31' title="bbox 207 3322 1356 3416; baseline 0 -28"><span class='ocrx_word' id='word_1_203' title='bbox 207 3333 360 3416; x_wconf 81' lang='lat' dir='ltr'><strong>statutum</strong></span> <span class='ocrx_word' id='word_1_204' title='bbox 389 3324 430 3387; x_wconf 94' lang='lat' dir='ltr'><strong>de</strong></span> <span class='ocrx_word' id='word_1_205' title='bbox 455 3322 581 3389; x_wconf 84' lang='lat' dir='ltr'><strong>tramite</strong></span> <span class='ocrx_word' id='word_1_206' title='bbox 610 3327 761 3393; x_wconf 84' lang='lat' dir='ltr'><strong>canonino</strong></span> <span class='ocrx_word' id='word_1_207' title='bbox 782 3326 982 3407; x_wconf 86' lang='lat' dir='ltr'><strong>quarumdam</strong></span> <span class='ocrx_word' id='word_1_208' title='bbox 1002 3346 1203 3408; x_wconf 89' lang='lat' dir='ltr'><strong>personarum</strong></span> <span class='ocrx_word' id='word_1_209' title='bbox 1224 3329 1356 3390; x_wconf 80' lang='lat' dir='ltr'><strong>teineri-</strong></span> 
     </span>
    </p>

    <p class='ocr_par' dir='ltr' id='par_1_13' title="bbox 122 3411 1355 3492">
     <span class='ocr_line' id='line_1_32' title="bbox 122 3411 1355 3492; baseline -0.002 -18"><span class='ocrx_word' id='word_1_210' title='bbox 122 3445 124 3452; x_wconf 95' lang='lat'>·</span> <span class='ocrx_word' id='word_1_211' title='bbox 206 3420 275 3474; x_wconf 91' lang='lat' dir='ltr'><strong>tato</strong></span> <span class='ocrx_word' id='word_1_212' title='bbox 295 3411 430 3478; x_wconf 76' lang='lat' dir='ltr'><strong>demitur</strong></span> <span class='ocrx_word' id='word_1_213' title='bbox 448 3411 648 3492; x_wconf 85' lang='lat' dir='ltr'><strong>imminutum,</strong></span> <span class='ocrx_word' id='word_1_214' title='bbox 669 3411 877 3475; x_wconf 86' lang='lat' dir='ltr'><strong>revocandum</strong></span> <span class='ocrx_word' id='word_1_215' title='bbox 892 3420 943 3476; x_wconf 88' lang='lat' dir='ltr'><strong>est</strong></span> <span class='ocrx_word' id='word_1_216' title='bbox 953 3411 988 3490; x_wconf 78' lang='lat'><strong>⁶)</strong></span> <span class='ocrx_word' id='word_1_217' title='bbox 1002 3413 1033 3474; x_wconf 88' lang='lat' dir='ltr'><strong>in</strong></span> <span class='ocrx_word' id='word_1_218' title='bbox 1049 3421 1166 3476; x_wconf 83' lang='lat' dir='ltr'><strong>statum</strong></span> <span class='ocrx_word' id='word_1_219' title='bbox 1179 3413 1355 3492; x_wconf 68' lang='lat' dir='ltr'><strong>pastuum,</strong></span> 
     </span>
    </p>

    <p class='ocr_par' dir='ltr' id='par_1_14' title="bbox 151 3494 1424 4004">
     <span class='ocr_line' id='line_1_33' title="bbox 151 3494 1424 3578; baseline 0.004 -22"><span class='ocrx_word' id='word_1_220' title='bbox 151 3545 157 3551; x_wconf 95' lang='lat'><em>.</em></span> <span class='ocrx_word' id='word_1_221' title='bbox 207 3503 244 3557; x_wconf 91' lang='lat' dir='ltr'><strong>ut</strong></span> <span class='ocrx_word' id='word_1_222' title='bbox 263 3497 387 3576; x_wconf 87' lang='lat' dir='ltr'><strong>possint</strong></span> <span class='ocrx_word' id='word_1_223' title='bbox 407 3497 488 3557; x_wconf 89' lang='lat' dir='ltr'><strong>mele</strong></span> <span class='ocrx_word' id='word_1_224' title='bbox 502 3496 535 3574; x_wconf 70' lang='lat' dir='ltr'><strong>l)</strong></span> <span class='ocrx_word' id='word_1_225' title='bbox 564 3494 702 3558; x_wconf 87' lang='lat' dir='ltr'><strong>admissa</strong></span> <span class='ocrx_word' id='word_1_226' title='bbox 723 3497 835 3578; x_wconf 86' lang='lat' dir='ltr'><strong>corrigi</strong></span> <span class='ocrx_word' id='word_1_227' title='bbox 856 3505 891 3558; x_wconf 91' lang='lat' dir='ltr'><strong>et</strong></span> <span class='ocrx_word' id='word_1_228' title='bbox 911 3516 973 3564; x_wconf 87' lang='lat' dir='ltr'><strong>non</strong></span> <span class='ocrx_word' id='word_1_229' title='bbox 994 3496 1186 3561; x_wconf 85' lang='lat' dir='ltr'><strong>admittenda</strong></span> <span class='ocrx_word' id='word_1_230' title='bbox 1205 3495 1355 3560; x_wconf 83' lang='lat' dir='ltr'><strong>damnari.</strong></span> <span class='ocrx_word' id='word_1_231' title='bbox 1423 3547 1424 3552; x_wconf 18' lang='grc' dir='ltr'>η</span> 
     </span>
     <span class='ocr_line' id='line_1_34' title="bbox 206 3580 1356 3666; baseline -0.003 -22"><span class='ocrx_word' id='word_1_232' title='bbox 206 3581 329 3662; x_wconf 82' lang='lat' dir='ltr'><strong>Magna</strong></span> <span class='ocrx_word' id='word_1_233' title='bbox 363 3587 415 3640; x_wconf 92' lang='lat' dir='ltr'><strong>est</strong></span> <span class='ocrx_word' id='word_1_234' title='bbox 445 3580 527 3642; x_wconf 88' lang='lat' dir='ltr'><strong>enim</strong></span> <span class='ocrx_word' id='word_1_235' title='bbox 557 3581 592 3666; x_wconf 87' lang='lat' dir='ltr'><strong>in</strong></span> <span class='ocrx_word' id='word_1_236' title='bbox 621 3582 692 3662; x_wconf 85' lang='lat' dir='ltr'><strong>ipsa</strong></span> <span class='ocrx_word' id='word_1_237' title='bbox 723 3581 895 3642; x_wconf 79' lang='lat' dir='ltr'><strong>severitate</strong></span> <span class='ocrx_word' id='word_1_238' title='bbox 924 3583 1047 3664; x_wconf 89' lang='lat' dir='ltr'><strong>pietas,</strong></span> <span class='ocrx_word' id='word_1_239' title='bbox 1079 3599 1257 3664; x_wconf 42' lang='lat' dir='ltr'><strong>per-*quant</strong></span> <span class='ocrx_word' id='word_1_240' title='bbox 1288 3581 1356 3642; x_wconf 91' lang='lat' dir='ltr'><strong>tol-</strong></span> 
     </span>
     <span class='ocr_line' id='line_1_35' title="bbox 206 3663 1355 3748; baseline 0 -22"><span class='ocrx_word' id='word_1_241' title='bbox 206 3665 279 3727; x_wconf 90' lang='lat' dir='ltr'><strong>litur</strong></span> <span class='ocrx_word' id='word_1_242' title='bbox 300 3663 467 3745; x_wconf 60' lang='lat' dir='ltr'><strong>&#39;peccandi</strong></span> <span class='ocrx_word' id='word_1_243' title='bbox 499 3665 643 3727; x_wconf 83' lang='lat' dir='ltr'><strong>facultas.</strong></span> <span class='ocrx_word' id='word_1_244' title='bbox 713 3667 798 3736; x_wconf 87' lang='lat' dir='ltr'><strong>Narn</strong></span> <span class='ocrx_word' id='word_1_245' title='bbox 832 3665 885 3727; x_wconf 93' lang='lat' dir='ltr'><strong>ubi</strong></span> <span class='ocrx_word' id='word_1_246' title='bbox 918 3665 1028 3727; x_wconf 85' lang='lat' dir='ltr'><strong>insana</strong></span> <span class='ocrx_word' id='word_1_247' title='bbox 1060 3665 1187 3733; x_wconf 88' lang='lat' dir='ltr'><strong>libertas</strong></span> <span class='ocrx_word' id='word_1_248' title='bbox 1220 3676 1355 3748; x_wconf 84' lang='lat' dir='ltr'><strong>generat</strong></span> 
     </span>
     <span class='ocr_line' id='line_1_36' title="bbox 207 3746 1355 3834; baseline 0.004 -26"><span class='ocrx_word' id='word_1_249' title='bbox 207 3751 363 3828; x_wconf 86' lang='lat' dir='ltr'><strong>vulnera,</strong></span> <span class='ocrx_word' id='word_1_250' title='bbox 398 3749 608 3812; x_wconf 84' lang='lat' dir='ltr'><strong>sacerdotalis</strong></span> <span class='ocrx_word' id='word_1_251' title='bbox 638 3749 788 3834; x_wconf 81' lang='lat' dir='ltr'><strong>districtio</strong></span> <span class='ocrx_word' id='word_1_252' title='bbox 827 3749 893 3813; x_wconf 87' lang='lat' dir='ltr'><strong>dat</strong></span> <span class='ocrx_word' id='word_1_253' title='bbox 922 3747 1084 3812; x_wconf 87' lang='lat' dir='ltr'><strong>medelam.</strong></span> <span class='ocrx_word' id='word_1_254' title='bbox 1156 3746 1355 3830; x_wconf 84' lang='lat' dir='ltr'><strong>Quapropter</strong></span> 
     </span>
     <span class='ocr_line' id='line_1_37' title="bbox 209 3831 1356 3922; baseline 0.003 -27"><span class='ocrx_word' id='word_1_255' title='bbox 209 3831 335 3895; x_wconf 86' lang='lat' dir='ltr'><strong>Christo</strong></span> <span class='ocrx_word' id='word_1_256' title='bbox 357 3833 485 3913; x_wconf 88' lang='lat' dir='ltr'><strong>auspice</strong></span> <span class='ocrx_word' id='word_1_257' title='bbox 497 3831 538 3895; x_wconf 83' lang='lat' dir='ltr'><strong>&#39;in</strong></span> <span class='ocrx_word' id='word_1_258' title='bbox 551 3836 707 3895; x_wconf 72' lang='lat' dir='ltr'><strong>d&#39;uronioa</strong></span> <span class='ocrx_word' id='word_1_259' title='bbox 728 3831 858 3895; x_wconf 86' lang='lat' dir='ltr'><strong>civitate</strong></span> <span class='ocrx_word' id='word_1_260' title='bbox 879 3832 1009 3896; x_wconf 87' lang='lat' dir='ltr'><strong>concilio</strong></span> <span class='ocrx_word' id='word_1_261' title='bbox 1031 3833 1242 3922; x_wconf 80' lang='lat' dir='ltr'><strong>qoncordante</strong></span> <span class='ocrx_word' id='word_1_262' title='bbox 1258 3833 1356 3916; x_wconf 84' lang='lat' dir='ltr'><strong>juxta</strong></span> 
     </span>
     <span class='ocr_line' id='line_1_38' title="bbox 198 3915 1353 4004; baseline 0.002 -24"><span class='ocrx_word' id='word_1_263' title='bbox 198 3917 437 3980; x_wconf 71' lang='lat' dir='ltr'><strong>‘conniventiam</strong></span> <span class='ocrx_word' id='word_1_264' title='bbox 465 3918 680 4002; x_wconf 83' lang='lat' dir='ltr'><strong>gloriosissimi</strong></span> <span class='ocrx_word' id='word_1_265' title='bbox 701 3915 815 3996; x_wconf 85' lang='lat' dir='ltr'><strong>domini</strong></span> <span class='ocrx_word' id='word_1_266' title='bbox 829 3917 862 3999; x_wconf 85' lang='lat'><strong>⁸)</strong></span> <span class='ocrx_word' id='word_1_267' title='bbox 885 3915 1060 3982; x_wconf 75' lang='lat' dir='ltr'><strong>chariberti</strong></span> <span class='ocrx_word' id='word_1_268' title='bbox 1079 3917 1166 4004; x_wconf 80' lang='lat' dir='ltr'><strong>regis</strong></span> <span class='ocrx_word' id='word_1_269' title='bbox 1186 3919 1353 3982; x_wconf 86' lang='lat' dir='ltr'><strong>annuentis</strong></span> 
     </span>
    </p>

    <p class='ocr_par' dir='ltr' id='par_1_15' title="bbox 251 4123 1424 4344">
     <span class='ocr_line' id='line_1_39' title="bbox 251 4123 1424 4209; baseline 0.002 -17"><span class='ocrx_word' id='word_1_270' title='bbox 251 4137 442 4208; x_wconf 67' lang='lat' dir='ltr'><strong>limma</strong></span> <span class='ocrx_word' id='word_1_271' title='bbox 457 4123 603 4209; x_wconf 76' lang='lat' dir='ltr'><strong>appellatur</strong></span> <span class='ocrx_word' id='word_1_272' title='bbox 618 4138 647 4192; x_wconf 88' lang='lat' dir='ltr'><strong>in</strong></span> <span class='ocrx_word' id='word_1_273' title='bbox 664 4139 781 4192; x_wconf 75' lang='lat' dir='ltr'><strong>editione</strong></span> <span class='ocrx_word' id='word_1_274' title='bbox 796 4137 897 4192; x_wconf 76' lang='lat' dir='ltr'><strong>Bsaodr</strong></span> <span class='ocrx_word' id='word_1_275' title='bbox 922 4137 955 4192; x_wconf 87' lang='lat' dir='ltr'><strong>ci.</strong></span> <span class='ocrx_word' id='word_1_276' title='bbox 972 4151 1033 4206; x_wconf 71' lang='lat' dir='ltr'><strong>pag,</strong></span> <span class='ocrx_word' id='word_1_277' title='bbox 1043 4137 1156 4198; x_wconf 77' lang='lat' dir='ltr'><strong>1ss-</strong></span> <span class='ocrx_word' id='word_1_278' title='bbox 1179 4139 1210 4208; x_wconf 84' lang='lat'><strong>¹)</strong></span> <span class='ocrx_word' id='word_1_279' title='bbox 1220 4139 1354 4194; x_wconf 75' lang='lat' dir='ltr'><strong>(lolintona</strong></span> <span class='ocrx_word' id='word_1_280' title='bbox 1423 4185 1424 4194; x_wconf 70' lang='grc'>,</span> 
     </span>
     <span class='ocr_line' id='line_1_40' title="bbox 275 4208 1352 4275; baseline 0.003 -15"><span class='ocrx_word' id='word_1_281' title='bbox 275 4208 308 4260; x_wconf 88' lang='lat' dir='ltr'><strong>ad</strong></span> <span class='ocrx_word' id='word_1_282' title='bbox 326 4223 387 4260; x_wconf 77' lang='lat' dir='ltr'><strong>ntra.</strong></span> <span class='ocrx_word' id='word_1_283' title='bbox 405 4209 481 4261; x_wconf 75' lang='lat' dir='ltr'><strong>codri.</strong></span> <span class='ocrx_word' id='word_1_284' title='bbox 504 4211 569 4275; x_wconf 75' lang='lat' dir='ltr'><strong>lieg.</strong></span> <span class='ocrx_word' id='word_1_285' title='bbox 587 4210 625 4275; x_wconf 84' lang='lat' dir='ltr'><strong>C,</strong></span> <span class='ocrx_word' id='word_1_286' title='bbox 647 4211 687 4274; x_wconf 91' lang='lat' dir='ltr'><strong>D,</strong></span> <span class='ocrx_word' id='word_1_287' title='bbox 711 4226 742 4272; x_wconf 83' lang='lat' dir='ltr'><strong>a,</strong></span> <span class='ocrx_word' id='word_1_288' title='bbox 766 4214 792 4262; x_wconf 86' lang='lat' dir='ltr'><strong>st</strong></span> <span class='ocrx_word' id='word_1_289' title='bbox 814 4215 929 4261; x_wconf 80' lang='lat' dir='ltr'><strong>veterem</strong></span> <span class='ocrx_word' id='word_1_290' title='bbox 954 4208 1135 4261; x_wconf 78' lang='lat' dir='ltr'><strong>collectionem</strong></span> <span class='ocrx_word' id='word_1_291' title='bbox 1149 4211 1258 4274; x_wconf 61' lang='grc' dir='ltr'><strong>«κακίω</strong></span> <span class='ocrx_word' id='word_1_292' title='bbox 1271 4211 1352 4264; x_wconf 72' lang='grc'><strong><em>3881.</em></strong></span> 
     </span>
     <span class='ocr_line' id='line_1_41' title="bbox 277 4277 1352 4344; baseline 0.003 -16"><span class='ocrx_word' id='word_1_293' title='bbox 277 4277 361 4330; x_wconf 87' lang='lat' dir='ltr'><strong>Tituli</strong></span> <span class='ocrx_word' id='word_1_294' title='bbox 390 4294 519 4332; x_wconf 85' lang='lat' dir='ltr'><strong>canonum</strong></span> <span class='ocrx_word' id='word_1_295' title='bbox 544 4285 636 4334; x_wconf 82' lang='lat' dir='ltr'><strong>extant</strong></span> <span class='ocrx_word' id='word_1_296' title='bbox 662 4279 691 4330; x_wconf 91' lang='lat' dir='ltr'><strong>in</strong></span> <span class='ocrx_word' id='word_1_297' title='bbox 716 4279 783 4344; x_wconf 84' lang='lat' dir='ltr'><strong>Reg.</strong></span> <span class='ocrx_word' id='word_1_298' title='bbox 801 4278 843 4342; x_wconf 88' lang='lat' dir='ltr'><strong>D,</strong></span> <span class='ocrx_word' id='word_1_299' title='bbox 861 4277 919 4330; x_wconf 73' lang='lat' dir='ltr'><strong>aad</strong></span> <span class='ocrx_word' id='word_1_300' title='bbox 947 4277 981 4330; x_wconf 82' lang='lat' dir='ltr'><strong>air</strong></span> <span class='ocrx_word' id='word_1_301' title='bbox 1010 4277 1087 4340; x_wconf 73' lang='lat' dir='ltr'><strong>editis</strong></span> <span class='ocrx_word' id='word_1_302' title='bbox 1112 4277 1280 4341; x_wconf 73' lang='lat' dir='ltr'><strong>dissentiunt.</strong></span> <span class='ocrx_word' id='word_1_303' title='bbox 1314 4305 1352 4320; x_wconf 87' lang='lat'><em>-</em></span> 
     </span>
    </p>

    <p class='ocr_par' dir='ltr' id='par_1_16' title="bbox 156 4341 1424 4628">
     <span class='ocr_line' id='line_1_42' title="bbox 250 4341 1424 4418; baseline 0.005 -22"><span class='ocrx_word' id='word_1_304' title='bbox 250 4344 281 4412; x_wconf 81' lang='lat'><strong>⁸)</strong></span> <span class='ocrx_word' id='word_1_305' title='bbox 298 4355 471 4418; x_wconf 24' lang='lat' dir='ltr'><strong>prowculnrtne</strong></span> <span class='ocrx_word' id='word_1_306' title='bbox 492 4367 538 4412; x_wconf 79' lang='lat' dir='ltr'><strong>par</strong></span> <span class='ocrx_word' id='word_1_307' title='bbox 559 4357 681 4400; x_wconf 65' lang='lat' dir='ltr'><strong>warinum</strong></span> <span class='ocrx_word' id='word_1_308' title='bbox 702 4345 762 4399; x_wconf 89' lang='lat' dir='ltr'><strong>add.</strong></span> <span class='ocrx_word' id='word_1_309' title='bbox 785 4347 851 4411; x_wconf 79' lang='lat' dir='ltr'><strong>Reg.</strong></span> <span class='ocrx_word' id='word_1_310' title='bbox 874 4345 913 4411; x_wconf 89' lang='lat' dir='ltr'><strong>D,</strong></span> <span class='ocrx_word' id='word_1_311' title='bbox 937 4361 961 4398; x_wconf 90' lang='lat' dir='ltr'><strong>a.</strong></span> <span class='ocrx_word' id='word_1_312' title='bbox 1001 4372 1038 4386; x_wconf 91' lang='lat'><strong>·-</strong></span> <span class='ocrx_word' id='word_1_313' title='bbox 1076 4341 1115 4414; x_wconf 75' lang='lat'><strong>&#39;⁴)</strong></span> <span class='ocrx_word' id='word_1_314' title='bbox 1138 4344 1352 4417; x_wconf 50' lang='lat' dir='ltr'><strong>mordeatis</strong></span> <span class='ocrx_word' id='word_1_315' title='bbox 1423 4407 1424 4410; x_wconf 8' lang='grc' dir='ltr'><strong>Ἴ</strong></span> 
     </span>
     <span class='ocr_line' id='line_1_43' title="bbox 156 4413 1350 4528; baseline 0.003 -64"><span class='ocrx_word' id='word_1_316' title='bbox 156 4413 163 4420; x_wconf 79' lang='grc'><em>“</em></span> <span class='ocrx_word' id='word_1_317' title='bbox 276 4414 344 4478; x_wconf 71' lang='lat' dir='ltr'><strong>aeg.</strong></span> <span class='ocrx_word' id='word_1_318' title='bbox 360 4415 400 4479; x_wconf 88' lang='lat' dir='ltr'><strong>D,</strong></span> <span class='ocrx_word' id='word_1_319' title='bbox 423 4433 446 4470; x_wconf 84' lang='lat' dir='ltr'><strong>s.</strong></span> <span class='ocrx_word' id='word_1_320' title='bbox 480 4445 516 4458; x_wconf 91' lang='lat'>-</span> <span class='ocrx_word' id='word_1_321' title='bbox 558 4417 586 4484; x_wconf 62' lang='grc' dir='ltr'><strong>ὅ)</strong></span> <span class='ocrx_word' id='word_1_322' title='bbox 604 4425 630 4468; x_wconf 84' lang='lat' dir='ltr'><strong>ln</strong></span> <span class='ocrx_word' id='word_1_323' title='bbox 646 4425 702 4478; x_wconf 67' lang='lat' dir='ltr'><strong>spru</strong></span> <span class='ocrx_word' id='word_1_324' title='bbox 720 4423 855 4486; x_wconf 69' lang='lat' dir='ltr'><strong>traditione</strong></span> <span class='ocrx_word' id='word_1_325' title='bbox 870 4423 903 4466; x_wconf 83' lang='lat' dir='ltr'><strong>od</strong></span> <span class='ocrx_word' id='word_1_326' title='bbox 920 4421 1049 4479; x_wconf 70' lang='lat' dir='ltr'><strong>pontifices</strong></span> <span class='ocrx_word' id='word_1_327' title='bbox 1065 4421 1107 4467; x_wconf 77' lang='lat' dir='ltr'><strong>lea</strong></span> <span class='ocrx_word' id='word_1_328' title='bbox 1122 4422 1244 4480; x_wconf 72' lang='lat' dir='ltr'><strong>manavit,</strong></span> <span class='ocrx_word' id='word_1_329' title='bbox 1262 4424 1350 4528; x_wconf 56' lang='lat' dir='ltr'><strong>qm</strong></span> 
     </span>
     <span class='ocr_line' id='line_1_44' title="bbox 227 4482 1351 4555; baseline -0.002 -13"><span class='ocrx_word' id='word_1_330' title='bbox 227 4501 230 4506; x_wconf 70' lang='grc'>’</span> <span class='ocrx_word' id='word_1_331' title='bbox 264 4485 572 4552; x_wconf 55' lang='lat' dir='ltr'><strong>&#39;cumaeam</strong></span> <span class='ocrx_word' id='word_1_332' title='bbox 599 4508 635 4526; x_wconf 83' lang='lat'><strong>--</strong></span> <span class='ocrx_word' id='word_1_333' title='bbox 667 4485 878 4550; x_wconf 56' lang='lat' dir='ltr'><strong>*inmemorem</strong></span> <span class='ocrx_word' id='word_1_334' title='bbox 893 4483 1174 4550; x_wconf 59' lang='lat' dir='ltr'><strong>arancinlteala</strong></span> <span class='ocrx_word' id='word_1_335' title='bbox 1201 4482 1256 4546; x_wconf 71' lang='lat' dir='ltr'><strong>r&#39;</strong></span> <span class='ocrx_word' id='word_1_336' title='bbox 1292 4488 1351 4555; x_wconf 65' lang='grc' dir='ltr'><strong>με</strong></span> 
     </span>
     <span class='ocr_line' id='line_1_45' title="bbox 275 4553 1348 4628; baseline 0 -18"><span class='ocrx_word' id='word_1_337' title='bbox 275 4553 753 4620; x_wconf 52' lang='lat' dir='ltr'><strong>”nummisma-2-</strong></span> <span class='ocrx_word' id='word_1_338' title='bbox 777 4553 1348 4628; x_wconf 62' lang='lat' dir='ltr'><strong>*innascenaatraaepamqaa</strong></span> 
     </span>
    </p>
   </div>
   <div class='ocr_carea' id='block_1_12' title="bbox 0 0 1438 5040">
    <p class='ocr_par' dir='ltr' id='par_1_17' title="bbox 0 0 1438 5040">
     <span class='ocr_line' id='line_1_46' title="bbox 0 0 1438 5040; baseline 0 0"><span class='ocrx_word' id='word_1_339' title='bbox 0 0 1438 5040; x_wconf 95' lang='lat' dir='ltr'><strong> </strong></span> 
     </span>
    </p>
   </div>
  </div>
 </body>
</html>
