2874 5044
352 248 595 318 contemtum
614 194 914 321 emeritense
928 253 966 320 u.
1191 256 1233 320 br

119 419 269 490 XXXIII.
309 419 362 485 De
381 422 446 486 non
467 423 660 506 recipiendis
679 423 805 488 clericis
826 425 919 506 uagis
944 428 978 488 si
996 423 1190 505 infir-ruenda
1229 473 1232 482 .

119 507 326 572 ordinatione
347 509 434 588 ejus,
464 511 522 591 qui
546 511 617 574 sine
643 529 810 584 corrserrsu¹
823 512 964 591 episcopi
990 511 1045 572 sui·
1062 509 1103 572 ab
1124 511 1191 576 clio
1265 567 1267 570 .

442 597 587 677 episcrpro
617 597 784 658 ordinatus
811 603 870 658 ert.
1204 649 1207 654 .

164 677 201 740 Si
226 675 298 758 quis
326 676 358 740 in
386 688 570 760 contemptu
597 681 721 761 positus
746 683 911 761 presbyter
931 681 984 742 vel
1008 678 1158 744 diaconum
1179 678 1232 745 vel
1273 715 1280 722 ·

71 762 267 844 quicumque
293 781 336 824 ex
363 763 447 826 ciero
472 767 642 830 recesserit
663 768 702 829 ab
724 766 862 830 ecclesia
881 783 957 845 sua,
969 785 972 800 ¹
984 765 1067 826 nullo
1087 764 1180 828 modo
1200 765 1234 828 iu

74 850 145 912 alia
173 847 362 928 suscipiatur
378 847 412 926 ¹)
441 850 598 932 ecclesia,
624 850 683 912 sed
709 851 884 914 omnimodo
913 849 1117 929 compellatur
1137 856 1174 912 ut
1193 849 1235 914 ad

76 950 176 996 sunm
201 938 372 992 revertetur
400 934 579 996 ecclesiam.
622 933 659 993 Si
686 942 791 994 autem
812 935 1016 1013 permanserit
1036 935 1069 994 in
1089 933 1236 1014 superbie

81 1024 120 1078 et
145 1015 258 1078 reverti
292 1017 441 1098 noluerit,
474 1017 763 1080 excommunicetur
798 1027 831 1084 et
863 1015 1050 1098 projiciatur.
1099 1017 1138 1080 Si
1164 1019 1236 1097 quis

79 1109 188 1184 autem
209 1101 378 1181 episcopus
400 1117 501 1163 susus
519 1101 612 1163 fuerit
631 1101 717 1163 ilium
737 1104 769 1164 in
791 1121 881 1165 sunm
903 1102 1073 1164 ecclesiam
1087 1101 1122 1180 ¹)
1150 1101 1237 1164 ordi·
1259 1153 1265 1164 ,

76 1205 175 1269 noro,
203 1203 266 1247 uon
288 1182 506 1249 consentiente
528 1188 679 1268 episcopo
699 1205 759 1250 suo
780 1205 800 1251 a
822 1206 883 1271 qno
905 1187 1055 1268 recessit,
1083 1185 1236 1249 ordinatio
1312 1235 1313 1238 η

73 1271 148 1354 ejus
168 1289 275 1334 vecua
294 1271 469 1353 deputetur.
1038 1283 1156 1350 (noram.
1177 1288 1235 1350 ra)
1278 1339 1280 1344 .

335 1379 486 1445 XXXIV.
528 1377 581 1444 De
607 1379 731 1444 clericis
747 1379 977 1444 *desertoribus

163 1466 200 1532 si
228 1466 300 1550 quis
320 1470 494 1550 ,presbyter
519 1475 575 1529 aut
591 1465 753 1530 diaconus
781 1475 836 1528 aut
856 1467 969 1548 aliquis
990 1466 1032 1529 de
1052 1467 1137 1530 clero
1157 1483 1235 1548 pro-

72 1550 175 1634 priam
207 1554 377 1616 eeclesiam
410 1552 629 1634 derelinquens
659 1552 699 1615 ad
727 1554 855 1614 alteram
883 1554 1054 1616 ecclesiam
1080 1553 1170 1616 vadit
1199 1562 1234 1616 et

72 1639 119 1702 ibi
145 1639 246 1700 muito
273 1648 413 1720 tempore
442 1639 637 1719 demoratur,
651 1667 659 1672 ·
675 1638 797 1698 omnino
832 1656 988 1720 nunquam
1019 1640 1175 1710 ministret
1202 1640 1234 1701 in

72 1725 184 1807 clero,
206 1726 288 1788 etsi
310 1723 504 1787 admonuerit
522 1743 592 1786 eum
611 1723 779 1806 episcopus
795 1741 873 1786 suus
893 1733 929 1786 ut
951 1722 991 1786 ad
1012 1743 1103 1787 suam
1124 1722 1235 1786 redeat

73 1811 277 1894 parochiam,
307 1819 340 1872 et
360 1809 459 1872 redire
480 1809 628 1890 noluerit,
658 1809 782 1871 ubi'est
803 1807 846 1871 ibi
867 1808 907 1871 de
929 1828 987 1872 suo
1010 1811 1113 1874 officio
1134 1809 1237 1889 depo·

73 1906 188 1978 natur,
218 1895 267 1958 ita'
289 1905 324 1958 ut
352 1915 508 1977 nunquam
536 1897 568 1957 iu
595 1913 686 1986 suum
708 1903 884 1956 revertatur
905 1894 1037 1978 gradum
1051 1893 1086 1974 ⁸)
1111 1894 1238 1976 propter
1286 1933 1292 1946 -

75 1982 297 2046 dissolutionis
318 1983 494 2063 peceatum.
538 1975 576 2042 si
598 1987 705 2042 autem
724 1980 894 2060 episcopus
914 1981 994 2041 alter
1013 1981 1098 2042 iilum
1118 1997 1237 2040 susce-

73 2069 162 2152 perit
188 2069 243 2150 qui
263 2068 303 2130 de
324 2075 414 2129 reatu
435 2064 505 2147 ejus
527 2075 579 2128 est
599 2066 764 2145 conscius,
786 2071 909 2144 oportet
929 2067 1033 2152 ipsum
1054 2064 1238 2146 epIscopum
1275 2127 1292 2148 s

76 2153 153 2218 sine
179 2154 393 2234 Increpatione
420 2153 452 2214 In
480 2152 634 2217 communi
660 2151 792 2212 concilio
818 2168 881 2214 non
908 2148 1046 2233 admitti,
1072 2158 1108 2214 ut
1129 2152 1240 2214 eccle-

76 2240 246 2302 siasticnm
267 2257 420 2302 canonem
441 2237 522 2300 ultra
542 2256 605 2299 non
625 2233 739 2298 solvat.
1049 2253 1177 2314 (Antron,
1190 2255 1240 2315 o.)

359 2346 497 2412 XXXV.
539 2344 591 2408 De
612 2345 803 2427 importunis
824 2346 959 2410 chrisis.

161 2435 206 2499 'Si
232 2437 303 2516 quis
330 2435 515 2516 episcopus,
543 2433 709 2513 presbyter
730 2440 785 2493 aut
808 2431 958 2494 diaconus
980 2431 1238 2496 excommunica&

79 2531 136 2586 tus
157 2523 189 2588 in
217 2521 349 2584 coneilio
371 2519 486 2600 injuste
506 2531 544 2582 se
563 2517 701 2598 queritur
728 2515 996 2600 condemrratum,
1018 2519 1058 2581 ed
1087 2517 1236 2598 majus⁴)

78 2610 304 2690 episcoporum
337 2604 504 2670 concilium
535 2608 711 2666 revertatur
743 2609 778 2661 et
809 2619 915 2662 eorum
941 2603 1173 2684 inquisitionem
1205 2611 1239 2664 et

75 2693 234 2775 judicium
263 2700 457 2774 expectans,
486 2689 515 2752 si
542 2705 622 2769 quas
651 2703 688 2747 se
716 2702 832 2746 causas
857 2683 964 2766 justas
992 2687 1109 2752 habere
1138 2694 1240 2770 putet,

79 2787 234 2860 exponat.
277 2779 313 2840 Si
341 2786 447 2840 sutem
476 2771 697 2853 contempserit
725 2778 759 2832 et
779 2770 991 2851 importunans
1003 2771 1037 2852 ⁵)
1064 2791 1101 2835 se
1122 2771 1240 2854 palatin
1344 2773 1346 2780 ’

80 2885 178 2928 aures
198 2864 372 2948 principum
391 2860 567 2944 inquietare
587 2856 738 2940 voluerit,
766 2854 818 2920 hic
836 2857 880 2920 ed
901 2859 1015 2922 nullam
1027 2859 1160 2942 ⁸venium
1179 2876 1242 2941 po-

81 2952 159 3014 terit
179 2951 343 3033 pervenire
364 2967 468 3030 neque
491 2965 581 3029 spem
602 2943 725 3006 firturee
746 2942 1006 3008 reconcilitrtionis
1027 2945 1164 3010 habebit.

474 3043 476 3046 '
1037 3031 1164 3092 [Antinoi.
1186 3031 1244 3090 12.)

164 3113 169 3124 ’
277 3119 430 3184 XXXVI.
470 3114 523 3178 De
536 3113 710 3198 purganda
731 3111 880 3210 opinione
901 3112 1051 3188 haeresis.

174 3203 211 3270 Si
245 3208 315 3288 quis
347 3205 517 3287 episcopus
552 3201 622 3262 sive
657 3199 789 3278 alicujus
824 3200 965 3280 episcopi
995 3201 1162 3286 presbyter
1190 3205 1245 3264 but

86 3290 241 3354 diaconus
269 3293 301 3354 in
322 3287 453 3371 nIIcujus
474 3285 616 3349 haeresis
637 3280 813 3366 opinionem
846 3283 1011 3350 offenderit
1044 3295 1078 3349 et
1100 3288 1140 3350 ob
1161 3285 1244 3348 hanc

84 3395 218 3440 causam
245 3375 339 3439 fuerit
365 3374 668 3451 excommunicatus,
694 3369 799 3431 nuilus
819 3369 989 3452 episeopus
1010 3391 1082 3432 eum
1102 3372 1134 3432 in
1155 3374 1246 3432 co'm-

84 3463 427 3543 munionemreoipiat,
449 3461 509 3522 nisi
529 3458 615 3537 prius
636 3455 668 3517 in
690 3453 845 3527 communi
863 3456 994 3516 concilio
1010 3447 1154 3538 porrecti)
1171 3453 1246 3517 fidei

86 3567 169 3610 suae
195 3548 298 3609 libello
325 3546 501 3610 satIsfaoist
526 3541 689 3618 omnibus,
729 3548 762 3600 et
791 3540 835 3602 its
860 3540 989 3604 liberam
1016 3550 1126 3604 teneat
1155 3559 1246 3609 suam

85 3634 316 3716 purgationem.
358 3633 430 3693 Hoc
450 3630 532 3692 idem
554 3636 587 3688 et
608 3625 648 3687 de
669 3623 814 3686 fidelibus
835 3624 925 3686 Isiois
948 3629 991 3688 sit
1013 3628 1191 3708 decretum,
1218 3627 1247 3689 si

87 3719 120 3782 in
142 3719 278 3801 reliquam
297 3717 441 3780 baeres'rs
460 3714 636 3795 opInionem
652 3708 687 3789 ⁶)
708 3709 825 3777 fuerint,
842 3708 1000 3774 nominati·
1074 3730 1248 3791 (mame.)

312 3841 482 3910 XXXVII.
521 3836 574 3900 De
596 3833 722 3906 clericis
743 3839 1033 3903 excommunicatis.

179 3930 215 3991 st
241 3931 312 4010 quis
339 3925 567 4012 episcopusin
592 3923 727 3987 concido
747 3925 1045 3988 'excommunicatus
1064 3925 1158 3992 iirerit
1178 3927 1249 3993 sive
1330 3993 1331 3998 ,

92 4015 258 4098 presbyter
290 4018 361 4078 sive
397 4015 565 4091 diaconus,
600 4017 635 4080 ot
666 4015 741 4089 post
770 4011 1123 4098 excommunicationem
1153 4033 1250 4096 prae-

94 4103 264 4182 sumpserit
297 4103 368 4164 sive
401 4100 570 4180 epIseopus
605 4093 658 4155 ille
691 4101 746 4155 ant
776 4095 943 4176 presbyter
968 4099 1022 4160 vel
1052 4100 1202 4164 diaconus
1216 4099 1250 4178 ⁹)

92 4187 199 4250 facere
221 4186 409 4250 oblationem
426 4185 480 4247 vel
502 4179 685 4248 matutinum
707 4177 807 4260 sut⁸)
828 4186 1045 4262 vespertinum
1065 4183 1251 4250 sacrificium

141 4371 169 4436 ι)
187 4377 214 4421 nr
231 4373 314 4421 aum
330 4352 531 4432 reserator-'rm
548 4365 605 4418 BR.
622 4358 694 4417 nt.
713 4361 828 4416 une.
866 4387 903 4407 -α
958 4366 987 4432 2)
1005 4373 1084 4430 nme
1100 4375 1127 4420 n
1144 4383 1191 4420 soa
1209 4381 1251 4418 ec·
1288 4394 1292 4400 -

166 4445 243 4490 cirria
260 4439 298 4492 M.
338 4463 375 4478 -··
424 4438 453 4504 ³)
472 4446 560 4489 tresue
579 4473 606 4488 ..
625 4433 761 4500 manenti
810 4457 846 4473 ·-··
894 4438 924 4504 ⁴)
941 4447 1059 4499 mentorem
1084 4437 1151 4490 0011.
1173 4438 1249 4503 Hisp.

163 4519 286 4570 nemorum
303 4508 378 4572 Just,
396 4517 515 4569 mojorem
532 4509 607 4568 episc.
626 4513 746 4570 synodus
763 4503 885 4559 Gratiam
923 4533 959 4548 ·-
1007 4507 1035 4573 ὃ)
1053 4515 1190 4572 importune
1208 4509 1253 4579 itt,

167 4580 201 4632 al.
224 4584 381 4640 triportinus
401 4583 502 4640 putatio.
546 4593 599 4618 -’
637 4575 666 4642 ⁶)
689 4583 716 4626 in
741 4577 824 4636 aitque
911 4581 1024 4636 opinione
1047 4575 1074 4628 in
1097 4595 1130 4629 nr.
1149 4577 1185 4626 Μ.
1220 4598 1256 4614 ·-

128 4645 156 4717 1)
170 4648 277 4702 Verba:
302 4657 327 4700 et
343 4653 689 4718 perterreorrrnunteottouem
705 4661 764 4714 sqq.
779 4645 876 4698 dosunt
892 4657 934 4710 sp.
952 4641 990 4696 Μ.
1013 4659 1066 4688 a„
1116 4645 1145 4710 ⁸)
1163 4645 1204 4694 eet
1218 4641 1255 4696 bt.

1001 4726 1055 4786 4*
