2874 5044
131 235 139 246 ’
179 289 224 353 aa
495 281 738 352 cosmum
757 285 1017 354 romonssn,

201 457 245 522 V.
282 457 334 522 lle
354 459 404 521 leis
425 461 481 542 qni
501 458 621 524 adedo
641 463 800 538 metent,
820 462 851 526 ei
871 461 977 526 audito
998 462 1105 524 comio
1119 415 1312 544 fragilitate
1415 541 1416 544 Ἴ

669 549 857 612 tenuerint.

266 627 310 689 lli
339 624 392 709 qui
420 627 527 692 altario
556 627 609 693 dei
635 631 836 717 deserviunt,
864 631 894 693 si
922 629 1025 694 subito
1045 626 1202 707 flendo1)
1231 628 1335 692 carnis
1415 583 1416 602 Χ

181 711 350 796 dagilitate
379 715 549 778 corruerint
576 723 610 776 et
638 715 762 780 domiuo
791 718 981 800 respiciente
1001 716 1097 799 digne
1118 713 1335 797 poenituerint,

182 796 229 862 ita
249 807 284 861 ut
298 798 334 878 ²)
360 800 546 864 mortificato
574 819 703 884 corpore
725 804 827 867 cordis
850 800 974 866 contriti
995 802 1182 864 sacrificium
1203 799 1263 862 deo
1285 799 1337 860 ol·

183 885 295 966 ierant,
315 894 442 948 maneat
463 887 495 948 in
515 894 677 967 potestate
697 889 855 970 pontilicis
873 888 927 950 vel
944 889 1100 950 veraciter
1117 886 1254 948 afflictos
1274 903 1336 946 non

183 969 237 1032 diu
264 969 476 1054 suspendere,
503 971 557 1032 vel
577 970 756 1038 desidiosos
776 973 932 1056 prolixiori
952 981 1093 1054 tempore
1115 973 1155 1034 ab
1177 971 1337 1034 eeclesiae

184 1073 315 1137 corpore
344 1073 539 1140 segregare3
568 1057 614 1119 ita
640 1069 747 1123 tamen
773 1060 883 1122 uteie
910 1056 1081 1121 officiomm
1109 1073 1235 1120 suorum
1263 1057 1338 1118 lona

184 1142 346 1223 recipiant,
366 1160 408 1204 ne
430 1141 555 1224 possint
575 1143 615 1206 ad
636 1147 747 1208 altiora
768 1145 871 1208 officia
891 1143 1021 1206 ulterius
1036 1143 1230 1224 pmmoveri:
1252 1141 1338 1222 quod

185 1228 215 1292 si
234 1228 347 1291 iterato
368 1227 459 1291 velut
479 1245 577 1291 canes
598 1232 639 1295 ad
656 1233 808 1294 vomitum
825 1231 945 1294 reversi
965 1228 1134 1307 lucrint⁸)‚
1156 1243 1219 1290 non
1236 1227 1339 1288 solum

185 1313 342 1396 dignitato
369 1311 464 1376 officii
483 1323 623 1400 careant,
647 1316 706 1384 sed
726 1317 825 1382 etiam
845 1323 989 1383 saumuro
1010 1313 1258 1380 communionem
1278 1313 1341 1376 nisi

185 1400 217 1466 in
239 1399 326 1462 exitu
347 1395 579 1480 percipiente).
1031 1451 1034 1457 .

227 1497 284 1566 Vt
329 1497 382 1564 De
408 1500 459 1564 ltie
488 1503 544 1586 qni
569 1503 686 1566 uiduae
710 1505 893 1590 poenitenti
918 1500 970 1566 cel
988 1501 1159 1587 religiosae
1176 1502 1298 1586 virgini

484 1588 485 1592 ’
561 1596 705 1674 stuprum
734 1589 905 1657 intulerint
921 1588 965 1669 ⁸).

271 1667 335 1750 Qui
366 1673 541 1754 poenitenti
573 1675 690 1738 viduae
715 1677 770 1739 vel
796 1675 911 1758 virgini
938 1675 1106 1757 religiosae
1140 1673 1205 1738 vim
1239 1667 1341 1753 stupri

186 1755 338 1838 intulerit,
360 1758 448 1822 eise
470 1759 510 1821 ab
531 1779 570 1822 eo
583 1759 618 1839 ⁸)
639 1770 837 1842 sequestrare
851 1761 885 1842 ²)
906 1756 1053 1840 noluerit,
1074 1755 1188 1839 puriter
1209 1777 1229 1820 a
1249 1776 1343 1823 oom-

186 1843 333 1906 munione
354 1851 387 1907 et
410 1862 430 1910 a
450 1841 696 1910 Christianomm
716 1847 874 1910 consortio
900 1852 1109 1930 segregetur:
1141 1843 1266 1906 sivero
1288 1844 1344 1906 illa

186 1947 269 2012 quae
290 1927 355 1992 vim
375 1929 503 2010 pertulit
525 1931 565 1994 ad
586 1940 730 1994 sanctam
750 1933 933 2016 religionem
960 1927 1106 2012 redierit,
1133 1929 1165 1989 in
1190 1928 1242 1988 illo
1269 1929 1343 1992 solo

186 2013 393 2099 quoadusque
413 2015 539 2097 publice
559 2014 722 2100 poeniteat
742 2016 817 2080 deta
839 2013 996 2080 sententia
1014 2020 1209 2096 perseveret.

186 2131 257 2198 vu
287 2131 340 2194 De
356 2133 406 2195 die
423 2136 480 2217 pai
498 2142 699 2199 commem
719 2155 755 2199 ee
775 2134 921 2218 obligent
941 2153 983 2195 ne
1002 2131 1176 2214 adponens
1195 2129 1342 2196 redono.

271 2231 335 2314 Qui
365 2245 566 2298 sacramento
593 2258 632 2300 se
659 2239 847 2320 obligaverit
874 2245 923 2300 ‚ut
947 2236 1078 2317 litigans
1105 2253 1176 2297 cum
1204 2233 1343 2315 quolibet

189 2318 231 2384 ad
252 2338 365 2400 paoem
385 2319 469 2384 nullo
490 2321 582 2386 modo
594 2322 629 2402 ⁸)
647 2322 773 2404 redeat,
794 2341 850 2402 pro
871 2318 1005 2403 perjurio
1026 2339 1088 2382 uno
1111 2338 1191 2382 anno
1212 2338 1232 2385 a
1250 2335 1342 2380 com·

188 2404 334 2469 munione
365 2403 503 2487 corporis
533 2417 567 2471 et
600 2409 764 2490 sauguinis
796 2405 913 2470 domini
944 2414 1136 2487 segregatus
1150 2403 1185 2482 ⁹)
1220 2410 1340 2466 reatum

188 2509 281 2556 suum
309 2490 542 2574 eleemosynis,
571 2493 699 2558 fletibus
727 2502 761 2555 et
784 2489 911 2573 quantis
931 2492 1068 2570 potuerit
1084 2489 1212 2570 jejuniis
1233 2487 1342 2550 nbsol-
1417 2487 1418 2516 ¹

185 2585 244 2638 vat
260 2575 335 2656 ¹⁰):
366 2573 406 2639 ad
435 2579 606 2644 ceritatem
632 2598 710 2642 vero
739 2599 821 2664 pune
847 2577 951 2661 poerit
972 2575 1208 2640 mollitudinem
1222 2591 1343 2656 pecca·

188 2669 293 2726 torrent
308 2661 364 2742 ¹¹)
386 2663 530 2726 celeriter
550 2667 681 2728 festinet
699 2663 817 2731 venire.

189 2763 274 2830 vul.
318 2763 359 2829 Si
385 2766 518 2829 clericus
544 2786 670 2828 sernum
694 2765 747 2828 cel
766 2763 955 2846 discipulum
976 2762 1016 2826 de
1037 2761 1173 2834 ecclesio
1194 2759 1344 2836 irascit,
1418 2799 1419 2828 i

561 2857 598 2912 nt
618 2851 857 2934 poenitentium
883 2855 974 2930 agat.

198 2947 201 2953 “
277 2931 393 3000 Nullus
421 2933 603 2998 elericorum
630 2953 757 3000 servum
777 2943 834 2998 aut
853 2931 1039 3016 discipulum
1060 2948 1151 2993 suum
1172 2925 1213 2992 ad
1235 2929 1346 2994 eccle-

191 3015 272 3082 siam
294 3019 529 3102 confugientem
551 3021 717 3084 extrahere
738 3017 855 3082 audeat
880 3017 934 3081 vel
957 3016 1117 3103 flagellare
1144 3025 1346 3098 praesumat3

192 3103 277 3188 quod
297 3105 325 3168 si
345 3104 466 3188 iecerit,
487 3105 590 3172 donec
610 3105 706 3192 digne
726 3106 889 3187 poeniteat
910 3103 1020 3167 eloco
1042 3101 1094 3166 oui
1112 3101 1262 3167 honorem
1282 3120 1346 3164 non

191 3189 278 3254 dedit
298 3199 499 3274 segregetur.

233 3292 290 3358 lX.
342 3291 394 3358 De
422 3293 472 3356 irie
504 3296 558 3379 qui
585 3293 781 3376 rebaptizati
811 3297 887 3354 cnut
919 3296 1072 3374 quantum
1097 3291 1301 3374 poeniteant.

276 3378 326 3442 De
354 3379 404 3440 his
430 3379 483 3460 qui
509 3383 541 3441 in
567 3379 837 3460 praevaricatione
864 3376 1051 3456 rebaptizati
1067 3377 1121 3454 ¹²)
1150 3377 1219 3437 sine
1240 3376 1347 3456 aliquo

193 3465 388 3528 necessitate
408 3465 462 3527 vel
483 3473 638 3528 tormento
660 3463 783 3545 delapsi
802 3470 895 3543 sunt,
915 3458 1037 3545 placuit
1054 3469 1092 3524 ut
1109 3461 1196 3524 eima
1214 3474 1271 3522 eos
1291 3461 1348 3524 illa

192 3551 357 3614 Nicaenae
379 3548 493 3633 synodi
514 3559 635 3614 statuta
649 3547 705 3628 ¹³)
733 3556 918 3630 serventur,
947 3565 1028 3628 quoe
1050 3545 1090 3608 de
1110 3546 1347 3626 praevaricato-

193 3637 280 3700 ribus
301 3635 425 3700 censita
443 3655 519 3700 esse
539 3643 727 3718 noscuntur,
748 3634 780 3697 id
801 3641 853 3696 est
872 3640 909 3696 ut
929 3640 1054 3713 septem
1075 3632 1165 3697 mois
1183 3629 1265 3692 inter
1287 3649 1347 3692 ca-

193 3722 400 3784 techumenos
424 3732 535 3806 orent,
563 3731 597 3784 et
626 3721 748 3784 duobus
767 3721 848 3784 inter
866 3718 1058 3797 catholicos,
1087 3725 1122 3778 et
1141 3724 1256 3798 postea
1274 3733 1347 3778 mo-

193 3805 356 3869 deratione
378 3817 412 3870 et
425 3805 594 3872 elementia
612 3806 755 3889 episcopi
775 3805 919 3872 fidelibus
936 3805 969 3868 in
990 3803 1148 3868 oblatione
1169 3809 1203 3866 et
1223 3800 1346 3866 enolto·

193 3891 283 3958 rietia
298 3890 354 3970 ¹⁴)
374 3895 613 3959 communicent

234 4111 462 4182 mmmmm.
497 4135 535 4151 -
574 4111 604 4180 ἱ)
622 4120 650 4164 ot
661 4109 743 4192 ‘deest
759 4123 801 4178 ep.
818 4107 856 4160 Μ.
895 4132 932 4145 -
973 4104 1002 4172 ⁸)
1020 4110 1139 4157 etnelnlt
1154 4113 1345 4158 metirentu-

265 4179 955 4314 {ttitttffltttt“lit¹l¹.¹¹t.itt²2tfl2‘.
969 4181 1347 4322 titiliiipilmnt‘li

265 4329 404 4383 veneunt
420 4321 458 4372 M.
493 4349 529 4362 -
564 4317 593 4388 ὅ)
611 4328 650 4373 ue
667 4336 696 4370 eo
714 4327 773 4379 aot.
788 4356 793 4370 .
808 4323 922 4369 enmono
939 4313 976 4367 Μ.
1010 4341 1046 4355 -
1081 4313 1111 4381 t)
1130 4319 1161 4364 co
1178 4331 1210 4366 eo
1227 4313 1293 4369 tna
1311 4343 1344 4354 —

234 4388 264 4458 ΙΙ)
282 4400 436 4451 oenumtroet
451 4390 489 4442 Μ.
534 4417 570 4431 -
623 4390 652 4456 ⁸)
670 4397 700 4440 ot
716 4395 795 4453 ttttpet
812 4404 867 4438 eom
883 4391 991 4447 qoolttet
1006 4401 1039 4438 ne
1055 4391 1089 4435 cci
1105 4399 1190 4444 potent
1206 4389 1257 4435 otto
1274 4391 1344 4436 nodo

267 4459 297 4512 in
313 4475 348 4513 m.
366 4461 403 4515 M.
443 4489 479 4500 -
520 4458 549 4527 ⁸)
568 4477 585 4512 c
602 4475 706 4524 corpore
722 4468 748 4511 ct
764 4466 884 4522 nunccine
900 4463 993 4509 nomint
1008 4463 1152 4518 eaprepetor
1169 4453 1275 4506 atinio.
1311 4481 1345 4534 3-

214 4529 427 4599 1⁰)co1natAE.
447 4530 632 4596 T.‚².‚etM.
667 4557 703 4568 -
736 4526 986 4596 1¹)1Petr.t,8.
1020 4553 1056 4564 -
1089 4523 1139 4590 Η)
1156 4531 1301 4585 recapitent
1319 4537 1346 4576 rn

267 4615 302 4650 nr.
319 4599 372 4665 Μ.,
390 4608 505 4661 oscitent
520 4601 586 4653 Loc.
617 4623 653 4636 -
685 4597 736 4665 18)
755 4597 838 4653 Cone.
856 4597 969 4653 Niceeu.
987 4609 1010 4648 o.
1021 4593 1063 4648 10.
1097 4621 1132 4633 -
1165 4593 1216 4661 ¹⁴)
1233 4601 1260 4646 tn
1277 4599 1345 4645 oola·

266 4677 334 4724 itone
349 4677 514 4725 metcmltce
531 4670 559 4724 in
577 4685 611 4724 m.
629 4669 667 4723 M.
701 4697 736 4710 -
