2858 5036
213 217 258 284 dd
480 209 721 280 CONCILIUM
743 209 1038 283 snscnusltsn
1056 211 1109 278 111.

213 385 305 469 cujus
336 383 498 468 vigilantia
526 391 559 446 et
586 377 762 448 soecularia
792 379 876 464 regit
906 399 978 446 cum
1005 379 1128 464 pictate
1156 401 1282 450 summo
1294 425 1308 466 ,
1343 394 1379 448 et

213 471 435 536 ecclesiastica
468 470 595 550 plenius,
621 467 760 550 disponit
772 465 804 546 ¹]
837 465 986 530 divinitus
1013 465 1072 530 sibi
1098 470 1256 550 sapientia
1287 489 1378 532 con-

213 576 317 622 cessa.
359 558 432 636 lpse
453 555 534 616 enim
555 553 707 636 dominus,
729 549 819 632 cujus
834 549 1003 614 trinitatem
1024 573 1208 616 veneramur
1229 563 1263 616 et
1287 575 1377 618 oon-

212 643 350 723 fitemur,
379 649 413 705 et
438 641 596 718 ecelesiae
617 657 696 700 suae
717 636 792 700 fidei
813 635 954 700 conferat
967 637 1059 700 lucra
1081 647 1114 700 et
1134 640 1376 721 sacerdotibus,
1421 651 1422 658 ’

212 727 363 792 ministris
383 734 478 808 atque
500 725 583 786 omni
603 725 705 803 clero,
732 730 769 786 ut
790 721 885 806 digne
905 723 948 784 illi
969 725 1127 805 serviant,
1150 726 1295 788 conterat
1319 748 1376 788 re-

212 813 317 880 media
342 828 423 893 quae
450 810 511 890 ipsi
536 816 611 870 sunt
636 809 775 890 placita,
801 807 1044 870 clementissimo
1065 807 1195 890 principi
1216 809 1375 873 Recces-

211 898 320 962 vintho
347 893 417 978 regi
441 891 564 956 felicem
588 893 687 956 vitam
714 892 915 974 felicioraque
941 892 1100 974 praesenti
1127 895 1159 958 in
1180 897 1315 956 saeculo
1341 907 1374 958 et

212 985 315 1047 futuro
340 988 415 1061 post
440 979 473 1042 in
501 997 599 1061 regno
625 979 816 1059 sempiterna
843 977 998 1040 concedat
1017 977 1134 1061 gaudia
1153 977 1373 1062 possidenda;

211 1079 308 1150 atque
329 1065 361 1128 id
384 1063 525 1127 omnibus
544 1063 577 1124 iu
598 1083 635 1126 se
656 1062 855 1127 credentibus
874 1072 1036 1144 praestare
1056 1064 1211 1147 dignetur,
1234 1069 1283 1126 ut'
1295 1063 1371 1128 dum

212 1153 262 1219 sui
279 1151 388 1233 judicii
407 1148 608 1212 manifestare
622 1149 757 1212 voluerit
770 1156 904 1229 tempus,
926 1148 1069 1228 omnibus
1090 1149 1204 1212 tribuat
1225 1169 1370 1230 perenne

210 1238 379 1304 remedium
401 1237 469 1316 ipse
491 1233 633 1297 dominus
654 1244 688 1298 et
707 1233 884 1314 redemptor
902 1241 1011 1298 noster
1026 1234 1078 1315 qui
1096 1253 1166 1296 oum
1189 1235 1250 1296 deo
1273 1235 1368 1318 patro

212 1335 247 1388 et
268 1342 339 1388 cum
360 1322 470 1400 spiritu
491 1328 602 1382 sancto
624 1321 656 1382 in
677 1320 814 1381 trinitate
836 1318 916 1380 deus
937 1329 1099 1399 permanet
1118 1339 1214 1401 unus,
1239 1323 1294 1382 oui
1316 1331 1370 1384 est

174 1415 177 1426 ’
211 1411 325 1486 honor,
352 1402 466 1488 gloria,
500 1405 601 1466 virtus
629 1412 663 1468 at
690 1399 861 1488 imperium,
877 1421 961 1468 nuno
990 1413 1023 1468 et
1048 1405 1080 1468 in
1105 1406 1211 1469 omnia
1232 1408 1369 1472 saecula

210 1494 414 1560 saeculorum.
455 1490 566 1552 Amen.

285 2124 579 2204 nouurnrurr
611 2120 971 2212 nnncnnrrrvsrr
1005 2091 1288 2220 rusulum)

229 2263 427 2329 niernum
447 2256 601 2322 rnuuo
623 2256 802 2340 ounnno
838 2229 1157 2325 ononrosrssnnr
1190 2261 1351 2327 norrun
1421 2213 1422 2224 Ν

314 2345 475 2410 mosum
494 2343 742 2409 WAMBANIS
754 2343 789 2424 ³)
809 2342 941 2450 REGIS
966 2345 1057 2410 ΕΒΑ
1079 2347 1253 2412 DCCXIII.

208 2587 393 2696 Decenter
415 2625 496 2692 satis
526 2649 582 2712 per
608 2627 746 2694 divinum
772 2629 914 2712 spiritum
933 2629 967 2708 in
986 2629 1170 2692 Bracarensi
1191 2629 1268 2692 urbe
1289 2631 1363 2694 col-

207 2725 284 2789 lecti
304 2726 343 2789 da
365 2725 414 2787 his
435 2740 516 2806 quaa
538 2723 617 2784 intra
638 2723 689 2785 dei
711 2721 879 2794 ecclesiam
904 2741 1054 2803 perversa
1068 2725 1192 2786 actione
1208 2735 1362 2806 geruntur

208 2914 337 2977 emaque
351 2893 479 2974 suerint
499 2889 562 2952 duo
583 2891 634 2953 ccl
652 2898 718 2954 tres
738 2893 774 2954 itt
794 2895 921 2955 nomine
941 2913 1009 2955 meo
1031 2893 1156 2956 collecti
1178 2895 1226 2956 itt
1246 2915 1299 2957 cro
1324 2899 1360 2956 ἐπ

207 2981 312 3044 medio
333 2997 460 3053 corum,
479 2978 546 3057 pari
566 2975 668 3038 annno
689 2977 819 3061 parique
839 2978 1016 3040 devotionis
1035 2977 1141 3040 studio
1163 2989 1360 3064 exurgentes

207 3065 440 3146 malahabitos
469 3062 662 3142 extirpemus
692 3083 821 3127 errores.
861 3060 987 3125 Etenim
1017 3062 1089 3126 dum
1115 3083 1176 3126 nos
1203 3063 1237 3126 in
1262 3083 1358 3126 unum

206 3138 369 3232 synodalis
393 3147 479 3209 actio
505 3157 738 3234 aggregasset,
768 3144 883 3210 debitis
911 3150 946 3214 in
970 3147 1099 3210 sedibus
1120 3150 1272 3212 collocati
1290 3153 1358 3230 pri-

205 3235 356 3298 munde
382 3237 514 3296 sanctae
538 3232 612 3296 fidei
631 3241 829 3300 sacramento
850 3233 1012 3314 coepimus
1033 3233 1149 3298 hebere
1169 3254 1357 3316 sermonem,

205 3319 330 3384 scilieet
355 3340 396 3382 ne
417 3328 472 3382 aut
489 3319 632 3381 vanitate
653 3319 877 3400 disputantium
890 3324 953 3379 aut
974 3319 1149 3381 nescientia
1169 3320 1356 3401 simplicium

207 3409 317 3470 erroris
338 3401 495 3487 quidpiam
516 3402 548 3466 in
570 3406 631 3467 hoo
652 3411 855 3466 sacrosancto
875 3411 1072 3464 sacramento
1094 3399 1168 3466 fidei
1188 3413 1357 3468 teneretur.

206 2810 370 2873 tractaturi
389 2803 609 2886 convenimus,
630 2816 667 2868 ut
688 2807 858 2887 adjuvaute
878 2827 938 2870 uos
959 2805 1009 2870 illo
1032 2807 1085 2888 qui
1105 2809 1249 2886 dixit⁴lr
1280 2797 1361 2872 Utt'-
1419 2859 1420 2892 ,

207 3491 299 3554 Unde
330 3510 401 3553 cum
433 3508 542 3552 omnes
573 3506 631 3550 nos
662 3489 693 3548 in
716 3507 800 3564 vera
826 3483 889 3546 fide
916 3487 963 3548 uti
991 3487 1153 3568 speculum
1180 3491 1356 3572 perlustra·
1417 3547 1418 3558 ,

205 3596 310 3640 remus
326 3575 360 3656 ⁵)
387 3575 515 3638 illaesos
544 3572 576 3631 in
601 3586 642 3632 eo
668 3569 741 3651 qula
755 3566 790 3650 ⁶)
818 3571 934 3632 nullum
961 3569 1135 3634 nostrorum
1160 3575 1355 3638 schismatici

205 3663 316 3725 erroris
346 3661 529 3723 foedaverat
544 3653 578 3732 ³)
607 3655 712 3736 turbo,
743 3656 802 3718 sed
827 3675 904 3717 vera
931 3675 989 3719 nos
1018 3667 1053 3718 et
1080 3659 1214 3739 simplex
1239 3661 1271 3720 in
1292 3661 1354 3722 lroo

205 3756 404 3810 sacramento
440 3741 616 3830 apostolica
653 3741 793 3803 ostendit
827 3741 958 3802 idoneos
991 3742 1201 3826 praedicatio,
1241 3745 1353 3828 grates

204 3831 406 3914 omnipotenti
421 3826 602 3909 peregimus
622 3825 702 3887 deo:
728 3831 821 3906 qnam
842 3835 948 3888 tamen
968 3836 1095 3889 nostrae
1116 3827 1190 3890 fidei
1209 3833 1366 3912 regulam
1416 3891 1417 3898 ,

204 3920 283 4000 Ipsis
302 3915 414 3978 verbis¹
429 3920 523 3991 atque
545 3909 712 3972 sententiis
732 3911 1000 3974 commemorando
1021 3913 1209 3994 reteximus,
1239 3919 1354 3995 qulbus

205 4023 275 4086 earn
295 4000 328 4062 in
349 4005 507 4060 conventu
526 3994 661 4060 Nicaeni
681 3995 806 4059 concidi
825 3997 1016 4062 declaratam
1037 4013 1113 4062 esse
1133 4000 1260 4062 scimus.

288 4115 453 4182 Credimus
473 4113 505 4178 iu
525 4133 620 4180 unum
641 4113 734 4180 dcur'n
753 4124 874 4198 patrem
893 4117 1138 4198 omnipotentem
1158 4093 1221 4182 eto,
1235 4103 1269 4198 ⁸)

202 4275 400 4298 ...a—nt·-

246 4373 275 4439 1)
292 4377 379 4434 plenam
401 4368 473 4436 (orn.
491 4385 556 4424 rooe
578 4370 697 4437 dispono)
714 4371 752 4422 Μ.
809 4399 845 4411 -
909 4369 939 4438 ²)
965 4379 1083 4432 vamum
1105 4373 1142 4424 Μ,
1167 4369 1209 4437 (v,
1234 4386 1297 4440 pag,
1314 4369 1351 4424 29

1414 3935 1417 4025 l

222 4481 227 4490 .
270 4441 374 4507 notl.)
407 4469 444 4480 -
485 4440 515 4507 θ)
539 4447 667 4492 wentam
682 4441 722 4492 Μ.
755 4467 792 4480 -
832 4439 995 4507 ⁴)orooM.
1017 4470 1053 4482 -
1075 4439 1291 4504 Martt.18‚²o.
1314 4469 1349 4479 -
1414 4493 1415 4498 ,

246 4513 274 4580 ⁸)
292 4517 469 4575 ΗΜΘΝ*
485 4511 523 4562 Μ·
564 4537 600 4551 ··
647 4510 677 4576 ⁸)
694 4517 737 4571 wi
752 4510 790 4562 M·
831 4537 881 4572 ·-,
919 4515 948 4574 ²)
965 4519 1127 4574 rottpcoerot,
1152 4513 1186 4562 sl.
1204 4517 1349 4572 precaveret

160 4597 169 4611 ·
270 4583 298 4635 ln
315 4597 349 4636 m.
366 4581 403 4634 M.
437 4609 472 4620 -
516 4579 545 4648 ⁸)
563 4595 588 4637 t.
606 4578 687 4634 Cone.
704 4579 826 4634 Toletan-
839 4579 909 4634 Vlll.
926 4595 950 4632 c.
961 4581 987 4634 1.
1005 4582 1087 4649 (Part.
1100 4583 1119 4634 1.
1137 4580 1281 4664 psgAEiI).
1312 4608 1349 4621 ·-
