2864 5042
255 235 496 303 coucmruu
517 233 742 320 scurnum
762 177 845 302 sus
864 234 1053 302 musmo.
1170 237 1235 304 ess

42 411 166 476 sedis
189 409 321 473 decreta
342 417 516 489 temerare,
536 409 610 490 quio
630 427 689 472 nos
699 453 710 489 ,
730 409 783 490 qui
804 410 959 488 potissimi
979 406 1155 472 secerdon‘s
1174 406 1235 472 ed·

44 499 292 562 ministremus
313 493 433 573 officis,
455 492 560 556 tnlium
584 490 867 590 transgressionum
895 496 988 575 culpe
1014 494 1178 574 respiciet,
1205 491 1235 556 si

43 585 102 646 in
129 582 240 646 crusis
261 579 312 642 dei
340 579 469 642 desides
495 577 645 642 fuerimus
672 582 810 661 inventi,
840 582 914 662 quin
934 578 1130 644 meminimus
1151 576 1235 659 quod

47 669 189 732 timere
218 665 371 728 debemus
401 665 532 744 qunliter
562 665 765 728 comminetur
798 665 940 730 domiuus
953 665 989 744 ¹)
1020 664 1235 748 negligentiae

52 752 298 828 sacerdotum,
317 750 481 831 siquidem
512 759 600 812 reatu
629 749 747 830 majore
776 751 927 833 delinquit
954 751 1006 833 qui
1032 752 1154 832 potiore
1172 749 1234 812 ho·

55 857 155 922 more
182 834 360 918 perfruitur,
390 845 426 898 et
452 837 597 918 gravina
623 836 701 899 lecit
728 837 806 900 vitiu
833 845 1032 919 peceutormn
1059 834 1235 900 sublimitss

58 923 107 988 di
136 925 274 988 nitetum.
664 987 668 996 ,

59 943 134 1070 ug
142 1007 185 1070 Ut
200 1007 320 1089 bigami
335 1012 393 1066 ont
407 1004 524 1067 viduae
539 1011 596 1068 unt
617 1016 784 1089 cormptoe
804 1011 916 1070 meriti
939 1008 983 1070 ad
1003 1006 1235 1070 scommasticos

462 1092 582 1172 gradus
602 1112 667 1154 non
688 1094 853 1156 accedant.
1225 1115 1229 1126 ¹

153 1175 351 1242 ‘Covendum
373 1194 449 1259 ergo
471 1174 619 1255 imprimis
641 1187 701 1257 est,
722 1199 762 1240 ne
785 1179 824 1240 nd
846 1186 989 1241 secretos
1009 1178 1137 1261 gradus,
1152 1179 1236 1242 sicut
1312 1181 1314 1186 '

65 1263 185 1348 gestis
204 1259 355 1342 prioribus
376 1269 450 1322 ente
472 1263 696 1343 praescriptum
707 1262 742 1342 ²)
764 1273 824 1345 est,
845 1265 1009 1346 quisquam
1031 1262 1083 1345 qui
1104 1281 1235 1330 rrxorem

66 1370 141 1414 non
163 1345 318 1430 virginem
339 1346 586 1430 duxitespiret3
615 1348 812 1430 repellendus
830 1359 889 1430 ,est
908 1351 1004 1412 etiem
1024 1350 1157 1431 quisque
1182 1347 1236 1430 qui

73 1437 111 1498 in
127 1432 290 1496 secundae
305 1431 412 1494 uxoris
426 1433 551 1514 nuptiss
567 1443 674 1494 contre
695 1437 872 1514 apostolice,
888 1443 1059 1516 praecepte
1078 1436 1237 1500 convenit

74 1553 133 1614 lll.
159 1551 202 1613 Ut
216 1553 418 1634 poenitentes
434 1558 492 1611 rut
507 1551 605 1612 inscii
620 1550 786 1614 literumm
799 1553 867 1617 sice
882 1554 1009 1638 defectu
1029 1553 1235 1617 membrorum

128 1643 189 1700 ant
202 1637 360 1698 decisione
375 1635 501 1718 aliquid
513 1637 616 1698 minus
631 1637 781 1700 labentes
796 1639 841 1701 arl
852 1644 1043 1722 superiorem
1059 1641 1200 1702 ordinem

531 1741 595 1783 non
616 1725 781 1786 accedant.

168 1808 262 1870 luscii
277 1805 311 1885 8)
340 1824 464 1887 quoque
491 1808 661 1888 literarum,
688 1828 831 1872 necnon
855 1819 888 1872 et
910 1809 1013 1892 alique
1033 1810 1237 1871 membrorum

74 1894 195 1956 damna
217 1889 375 1975 perpessi,
399 1899 432 1952 et
451 1889 484 1953 lri
506 1894 558 1972 qui
580 1913 621 1954 ex
641 1895 874 1974 poenitentibus
887 1893 921 1972 ⁴)
944 1904 1035 1976 suut,
1065 1891 1105 1955 sd
1127 1909 1237 1956 sacros

77 1979 208 2042 ordines
230 1976 388 2058 adspirare
410 1996 472 2038 non
494 1977 645 2060 audeant,
668 1980 810 2060 quisquis
832 1977 938 2042 talium
960 1987 1162 2043 consecrator
1177 1997 1238 2041 ex-

76 2066 194 2146 titerit,
222 2066 340 2126 lectum
363 2083 452 2125 suum
467 2062 501 2142 ὅ)
522 2063 684 2126 dissolvet.

93 2185 150 2245 Ν.
175 2183 219 2244 Ut
241 2204 280 2243 en
301 2203 382 2265 quae
402 2181 519 2244 illicite
541 2185 703 2266 episcopus
725 2184 777 2248 oei
796 2185 939 2250 decessor
960 2187 1028 2270 ejus
1048 2137 1223 2259 mutiani,

371 2267 411 2328 alr
433 2287 469 2328 eo
491 2271 546 2350 qni
565 2278 708 2352 superest
729 2273 942 2350 emendentur.

168 2368 236 2432 Sed
256 2351 294 2431 et
312 2367 396 2450 quod
416 2370 486 2451 quis
508 2371 663 2433 commisit
682 2372 791 2436 illicite
812 2382 868 2436 aut
886 2392 905 2436 e
926 2372 1148 2436 decessoribus
1169 2371 1237 2437 suis

77 2457 203 2519 invenit
224 2452 410 2535 admissum,
432 2453 462 2516 si
482 2455 635 2535 proprium
656 2459 826 2537 periculum
847 2459 915 2518 vult
935 2461 1036 2520 vitare
1057 2458 1238 2602 ‘immid

80 2559 145 2604 nos
174 2539 254 2602 enim
277 2541 307 2602 in
329 2542 412 2602 nrdlo
433 2541 577 2602 volumus
598 2543 800 2603 severitatem
822 2543 948 2604 ultionis
968 2561 1128 2606 exercerer
1170 2541 1215 2604 Se

84 2625 140 2708 qui
160 2626 319 2688 incensis
346 2625 397 2688 dei
414 2624 468 2686 vel
496 2626 692 2688 contumacis
719 2627 773 2687 vel
801 2627 833 2688 in
859 2627 962 2708 sliquo
991 2645 1129 2692 excessu
1156 2626 1239 2692 delir

83 2711 203 2793 querit,
231 2718 286 2772 eut
314 2711 384 2790 ipse
411 2709 495 2792 quod
521 2730 681 2792 perperam
709 2712 788 2775 tecit
814 2711 940 2775 abolere
968 2714 1115 2792 noluerit,
1141 2711 1172 2774 in
1199 2729 1237 2776 so

85 2795 236 2878 quidquid
258 2797 288 2857 in
311 2797 404 2860 elium
426 2815 488 2858 oon
508 2795 876 2876 resecarit⁶),inveuiet.
919 2798 1011 2877 Quod
1031 2808 1066 2859 ut
1087 2796 1239 2878 deinceps

82 2883 188 2964 possit
208 2882 352 2944 tenacius
372 2879 536 2962 custodiri,
557 2884 585 2945 si
604 2884 939 2967 plecet„sententias,
966 2903 1082 2947 censes
1104 2894 1138 2946 et
1159 2884 1239 2948 sub-

80 2968 272 3048 scriptiones
292 2969 432 3049 proprios
454 2987 563 3030 omues
584 2968 804 3033 commendate
820 2970 873 3051 ⁷),
900 2980 936 3032 ut
956 2970 1100 3053 synodali
1118 2970 1237 3051 judicit

83 3051 211 3118 nuditus
231 3053 392 3118 claudatur
412 3054 529 3116 illicitis
542 3052 586 3132 8).
808 3083 812 3090 2
1070 3061 1073 3068 ·

180 3139 230 3200 Ab
260 3137 417 3206 universis
448 3140 607 3220 episcopis
638 3147 671 3203 et
703 3140 896 3225 presbyteris
928 3144 1134 3208 acclamatum
1168 3150 1241 3209 cst:

85 3222 211 3286 Exaudi
237 3224 382 3288 Christe!
406 3225 513 3286 Hilaro
541 3227 624 3290 vite!
654 3225 772 3290 dictum
800 3238 852 3291 est
878 3232 987 3293 sexies
1004 3229 1047 3308 ο).
1090 3232 1183 3296 Haec
1205 3238 1241 3306 et

83 3307 303 3374 confirmemus
318 3318 351 3372 et
364 3311 445 3374 heco
460 3310 623 3376 docemus!
645 3313 764 3377 dictum
784 3324 835 3376 est
857 3314 968 3376 octies.
996 3316 1088 3377 llaec
1103 3313 1241 3380 tenende

83 3403 176 3476 sunt,
204 3393 286 3458 haec
312 3397 470 3461 servanda
496 3401 588 3460 sunt!
620 3397 739 3460 dictum
767 3406 818 3460 est
846 3399 1019 3476 quinquies.
1067 3396 1238 3473 Doctrinae

83 3489 215 3544 vestroe
242 3481 362 3564 gratias
388 3484 531 3566 agimus!
561 3483 679 3543 dictum
707 3489 758 3542 est
787 3480 905 3542 decies.
947 3483 1014 3541 lste
1041 3489 1076 3543 ut
1103 3483 1136 3544 in
1162 3501 1243 3561 per»

84 3575 216 3649 petuum
244 3575 408 3630 serventur
436 3569 599 3650 rogemus!
635 3565 752 3630 dictum
780 3574 831 3630 est
856 3566 1048 3647 quindecies.
1077 3569 1156 3630 ‹lstn
1182 3587 1241 3646 per

84 3659 231 3715 sanctum
245 3650 300 3729 ¹⁰)
326 3653 453 3716 Petrum
480 3658 514 3712 ut
540 3652 573 3713 in
599 3660 784 3732 perpetuum
801 3650 855 3730 Η)
885 3660 1050 3714 serventur
1076 3655 1241 3733 optemus!

85 3739 205 3802 dictum
237 3744 288 3800 est
321 3738 431 3800 octies.
479 3737 571 3800 Heec
597 3734 809 3818 praesumptio
834 3757 991 3818 nunquam
1019 3736 1095 3800 fieti
1122 3738 1241 3802 dictum

85 3830 139 3886 est
166 3822 284 3885 decies.
334 3819 397 3898 Qui
423 3822 504 3886 hoec
531 3822 697 3885 violaverit
723 3825 756 3884 in
783 3842 821 3886 se
849 3824 1009 3886 inveniet!
1039 3822 1157 3888 dictum
1185 3832 1240 3888 est

86 3907 218 3989 septies.
259 3908 304 3970 Εἰ
324 3907 409 3970 fecto
432 3905 556 3970 silentio
576 3909 702 3970 Hilarus
723 3907 1012 3990 episcopusdixit:

217 4023 259 4087 V.
308 4023 351 4087 Ut
371 4023 475 4087 nullus
498 4029 659 4110 episcopus
679 4026 742 4088 eidi
764 4026 866 4110 eligat
886 4047 1104 4096 successorem.

172 4123 341 4190 Praeterea
362 4127 474 4189 tratres
495 4147 578 4190 nove
600 4138 633 4191 et
653 4128 806 4212 inaudita,
827 4131 912 4194 sicut
933 4131 974 4195 ed
994 4152 1053 4194 nos
1072 4127 1177 4192 missis
1199 4124 1239 4188 de

130 4347 158 4413 Ι)
175 4345 276 4400 Ezech.
293 4347 310 4398 3
327 4350 356 4398 et
372 4348 416 4398 23.
434 4371 469 4384 --
499 4348 528 4413 ²)
547 4356 712 4410 morortptttut
729 4350 795 4404 Luc.
811 4377 847 4390 -·
882 4351 912 4418 ⁸)
932 4355 1143 4404 Poerrltenteeoel
1160 4365 1238 4416 pree·

155 4415 268 4470 mittitur
284 4415 311 4468 in
329 4417 421 4470 codice
438 4416 549 4472 Justeili.
577 4443 612 4460 -a
654 4418 684 4485 ⁴)
703 4428 888 4482 concernentes
904 4421 932 4474 in
950 4437 985 4472 rn.
1003 4421 1040 4471 Μ.
1067 4449 1102 4462 -·
1137 4419 1166 4484 ὅ)
1185 4429 1238 4480 ipre

155 4485 214 4538 edd.
234 4488 299 4541 [mc.
333 4515 369 4526 -·
411 4487 440 4552 ο)
458 4495 772 4542 tnnmmnreeeenern
790 4490 817 4543 in
837 4507 870 4542 rn.
888 4492 925 4545 Μ.
959 4517 995 4530 -
1043 4491 1072 4550 7)
1091 4497 1239 4542 warte

156 4556 222 4610 Luc.
257 4583 292 4594 -
333 4557 363 4622 ⁸)
381 4563 465 4609 natm
483 4596 510 4608 ..
529 4565 632 4614 ttttcnnr
648 4558 674 4608 ln
693 4575 727 4610 nr.
745 4560 782 4612 ll.
823 4587 857 4600 -
906 4560 936 4625 ο)
953 4570 1043 4620 cuntes
1059 4559 1168 4623 Dionys
1205 4583 1240 4599 -

112 4627 161 4694 ¹⁰)
181 4634 293 4678 domnum
310 4625 375 4678 Luc.
411 4654 445 4664 —
487 4627 579 4693 1¹)nr
597 4636 642 4682 ato
661 4628 726 4680 Luc.
760 4657 795 4670 —-
