2868 5040
186 203 255 277 Μ
471 203 713 274 (lomim
737 203 997 274 auxonium
1009 203 1055 270 li.

188 369 384 452 Hilevltanls
403 375 575 444 omnuim
589 373 624 457 ι)
642 375 741 442 tirerit
755 381 929 442 suarim:
954 373 1034 438 item
1054 373 1188 457 plectit,
1208 377 1250 438 at
1272 351 1352 453 qul·

190 479 326 547 cumque
351 458 569 542 episcopomm
594 459 787 526 necessitate
813 461 1019 544 periclitantis
1038 459 1210 542 pudicitiae
1238 457 1352 539 virgi-

189 547 272 610 nalis
290 565 363 610 cnm
383 545 437 608 vel
459 548 574 628 petitor
593 555 708 630 potens
728 547 781 610 vel
801 555 905 628 raptor
926 544 1039 628 uliquis
1057 543 1263 624 formidatur,
1294 541 1349 604 vei

191 628 344 714 aiabquo
365 633 460 694 etiam
481 633 588 700 mortis
609 632 755 714 scrupulo
775 631 949 714 periculoso
970 637 1156 712 compuncta
1177 630 1293 708 fuerit,
1309 645 1351 688 ne

190 733 254 780 non
282 718 390 786 velato
416 713 581 796 moriatur,
614 725 669 780 aut
696 717 897 800 exigentibus
925 717 1106 798 parentibus
1135 723 1191 778 eut
1216 713 1278 776 his
1312 709 1352 774 ad

191 819 321 885 quornm
355 821 460 867 curam
492 801 628 884 pertinet
661 802 815 864 velaverit
834 799 994 888 ‘virginem
1022 817 1081 866 seu
1107 799 1229 864 velavit
1266 801 1352 860 intra

191 885 306 968 viginti
325 886 461 970 quinque
481 905 581 950 annos
602 887 738 968 aetatis,
767 907 830 950 non
850 888 881 950 ei
901 885 986 950 obsit
1006 886 1169 950 concilium
1190 883 1286 966 qnod
1309 882 1350 946 de

190 971 320 1036 istomm
340 989 487 1035 annorum
508 990 636 1035 numero
656 973 861 1036 constitutum
879 979 941 1036 est
982 972 1054 1036 Nos
1072 991 1148 1034 vero
1176 987 1266 1052 qnos
1295 968 1351 1029 lex

191 1055 300 1140 perimi
323 1053 436 1138 jubet„
451 1057 480 1122 si
500 1055 630 1140 cupiunt
650 1057 756 1122 audire
777 1075 962 1139 praeconem
983 1057 1127 1122 velumus
1146 1064 1182 1120 ut
1202 1073 1352 1118 conver-

127 1209 130 1216 ,
192 1150 299 1220 tantur
319 1141 361 1206 ad
379 1140 497 1227 vitam;
517 1163 589 1208 nam
610 1141 780 1224 perimendi
800 1151 873 1208 sunt
894 1144 956 1206 oris
975 1140 1080 1224 gladio
1103 1150 1136 1206 et
1156 1160 1175 1203 a
1196 1158 1352 1205 commu-

193 1227 286 1290 nione
307 1227 457 1310 privandi,
479 1226 508 1292 si
526 1229 643 1292 relecta
662 1230 723 1292 sibi
737 1229 865 1292 decreta
878 1225 1033 1293 seniomm
1047 1228 1214 1290 observare
1227 1225 1352 1290 nolue-
1406 1221 1407 1300 l

192 1312 255 1376 rint
275 1321 311 1392 et
335 1321 491 1393 pastorem
517 1331 609 1378 suum
635 1313 743 1376 audire
768 1312 971 1394 despexerint
997 1320 1031 1376 et
1051 1329 1126 1376 esse
1152 1310 1300 1392 separati
1316 1307 1351 1386 ²)
1406 1307 1407 1364 l

193 1397 355 1459 noluerint.
388 1395 450 1474 Qui
466 1416 544 1480 ergo
557 1399 588 1461 in
602 1397 666 1462 bac
678 1397 849 1479 pertinacia
862 1395 973 1460 durare
987 1396 1142 1461 voluerint
1161 1405 1195 1460 et
1215 1395 1294 1476 plus
1317 1396 1348 1454 in

192 1480 355 1544 volutabro
370 1481 470 1549 maine
484 1485 731 1548 conversationis
744 1502 923 1563 permanere
938 1501 1031 1564 quam
1044 1501 1082 1544 se
1096 1483 1136 1544 de
1146 1481 1245 1544 vetito
1264 1499 1350 1544 con·-

190 1563 280 1647 jugie
301 1583 466 1650 separare,
494 1567 622 1650 perenni
643 1567 964 1634 excommunicatione
985 1568 1185 1650 damnentur3
1212 1575 1246 1628 et
1272 1565 1348 1647 qui-

195 1667 330 1732 cumque
344 1653 562 1734 episcopomm
577 1661 632 1716 aut
652 1653 903 1737 presbyterorum
918 1653 970 1718 vcl
986 1652 1183 1720 diaconorum
1196 1651 1237 1714 iis
1252 1669 1349 1712 com-

195 1733 353 1807 municare
365 1738 618 1821 praesumpserit,
632 1747 733 1821 usque
748 1737 787 1802 ad
802 1737 956 1820 synodum
973 1737 1013 1802 ab
1028 1736 1169 1800 omnibns
1183 1737 1348 1818 episcopis
1406 1767 1407 1792 r

196 1821 489 1887 excommunicatus
502 1825 661 1890 habeatur.
683 1825 726 1888 Et
740 1823 923 1888 excludatur
936 1824 1149 1888 excusationis
1163 1821 1348 1884 adinventio
1406 1805 1407 1860 l

190 1927 291 1990 ‘quam
311 1907 403 1972 modo
425 1909 547 1994 aliquae
569 1910 674 1974 dicere
693 1909 898 1988 meditentur,
922 1908 1004 1992 quod
1019 1918 1183 1989 propterea
1195 1926 1234 1968 se
1248 1913 1347 1968 veste
1406 1875 1407 1936 l

196 1996 386 2058 mutaverint
414 2015 455 2057 ne
486 2014 544 2060 eas
573 1995 733 2058 inferiores
758 2011 911 2076 personae
939 1995 1147 2074 macularent,
1180 2011 1251 2056 cnm
1283 2010 1347 2053 non

197 2079 298 2140 solnm
331 2079 447 2142 domini
480 2081 638 2164 gloriosae
670 2081 837 2143 memoriae
873 2076 1093 2144 childebertus
1125 2087 1160 2140 et
1185 2074 1347 2140 Clotarius
1406 2041 1407 2136 l

197 2180 294 2243 reges
314 2164 566 2228 constitutionem
585 2167 692 2247 legum
715 2165 756 2226 de
775 2165 836 2228 hae
857 2183 891 2227 re
912 2161 1116 2228 custodierint
1136 2171 1170 2226 et
1190 2181 1348 2226 servave-
1406 2159 1407 2194 l

197 2247 268 2326 rint,
283 2263 375 2326 quam
392 2266 475 2310 nunc
490 2247 632 2310 dominus
647 2249 850 2312 Charibeetus
871 2267 927 2311 rex
948 2267 1117 2312 successor
1130 2265 1237 2312 eorum
1251 2266 1348 2328 prae-

198 2338 294 2410 cepto
316 2349 374 2394 suo
394 2331 559 2415 roboravit,
577 2341 621 2398 ut.
632 2333 734 2398 nullus
750 2334 843 2396 ullam
857 2333 991 2414 puellam
1002 2333 1036 2413 8)
1049 2335 1170 2415 absque
1184 2341 1346 2413 parentum
1406 2317 1407 2370 l

198 2416 362 2480 voluntate
379 2417 502 2490 trahere
525 2427 587 2482 aut,
598 2419 743 2500 accipere
764 2428 952 2499 praesumat.
984 2415 1208 2500 Quaecumque
1223 2417 1347 2500 ergo⁴)

88 2503 91 2507 ’
199 2503 289 2600 timet
305 2503 488 2566 violentiam
511 2512 544 2566 et
564 2523 627 2582 non
645 2505 715 2567 vult
734 2505 850 2568 habere
870 2505 1028 2600 maritum,
1059 2505 1196 2586 refugiet
1218 2501 1348 2569 ati-ec·

199 2587 330 2652 clesram
360 2588 464 2652 donec
493 2579 655 2672 prdpinqui
685 2592 810 2670 possint
842 2609 912 2670 eam
945 2590 1093 2672 principis
1127 2591 1256 2671 imperio
1293 2597 1349 2650 aut
1406 2643 1407 2656 ,

201 2673 378 2738 sacerdotis
397 2675 450 2736 vel
471 2675 632 2739 eeclesiae
648 2673 801 2740 beneficio
822 2674 952 2738 liberare
968 2684 1003 2736 ct
1021 2675 1185 2738 defensare
1206 2693 1246 2737 ac
1267 2692 1350 2736 con·
1406 2669 1407 2696 ¹

201 2757 298 2838 (ligno
327 2758 449 2822 sociare
477 2760 605 2823 marito:
636 2779 708 2822 nam
724 2778 820 2841 vquac
846 2778 891 2822 se
910 2767 1005 2828 veste
1032 2759 1201 2824 mutaverit
1226 2761 1349 2840 absque

201 2841 273 2906 dolo
302 2843 334 2904 in
364 2861 404 2905 eo
434 2844 618 2928 proposito,
655 2843 739 2926 quod
771 2845 925 2924 disposuit
953 2863 1157 2924 perseverare
1194 2851 1350 2926 procuret.
1406 2867 1407 2914 i

98 2936 100 2946 '
188 2925 281 2990 -lllud
302 2947 379 2992 vero
400 2927 484 3010 quod
504 2930 599 3011 aliqui
618 2928 748 2994 dicuntr·
782 2927 888 2992 Vidua
907 2947 989 3010 quae
1010 2929 1176 3006 benedicta
1197 2949 1258 2992 non
1279 2926 1349 3007 fuit,
1406 2943 1407 2970 ¹

202 3029 299 3092 quare
328 3033 390 3074 non
411 3013 509 3077 debet·
531 3017 673 3078 maritum
698 3009 871 3096 accipere?
903 3031 974 3077 cum
1001 3033 1110 3078 omnes
1136 3015 1241 3078 scient
1266 3014 1349 3095 quod

198 3101 359 3174 *nunquam
387 3097 420 3157 in
449 3099 609 3160 canonicis
637 3101 721 3162 libris
748 3101 863 3182 legitur
890 3097 1065 3178 benedictio
1094 3097 1244 3180 vidualis,
1276 3101 1350 3179 quia

204 3178 305 3241 solum
333 3181 524 3262 propositum
554 3182 598 3243 illi
625 3183 772 3250 sufficere
801 3183 913 3263 debet,
943 3181 1028 3246 sicut
1053 3185 1084 3246 in
1110 3185 1351 3264 Epaonensibus

204 3265 376 3328 canonibus
395 3284 510 3346 apapa
523 3265 620 3341 Avito
633 3267 687 3330 vel
707 3260 849 3330 omnibus
869 3265 1027 3349 episcopis
1048 3271 1258 3350 conscriptum
1281 3278 1350 3332 est:
1406 3233 1407 3312 l

203 3349 246 3415 Vi
310 3349 376 3414 nim
397 3353 679 3433 consecrationem,
700 3370 780 3433 quas
798 3351 948 3429 diaconas
968 3362 1102 3436 vocant,
1124 3355 1163 3420 ab
1178 3351 1263 3418 omni
1276 3355 1352 3418 reii-

203 3454 238 3518 gr
259 3456 299 3500 ne
318 3447 426 3500 nostra
445 3438 571 3518 penitus
589 3437 783 3521 abnegamus
798 3435 840 3516 ⁵).
873 3437 916 3502 Et
931 3437 1111 3518 expressius
1126 3440 1287 3504 decretum
1302 3448 1353 3500 est

204 3523 236 3582 in
251 3521 372 3602 synodo
386 3522 582 3584 Arelatensi:
605 3525 773 3587 Professus
786 3522 908 3602 viduas,
923 3524 951 3584 si
965 3524 997 3584 in
1011 3525 1211 3588 conniventia
1220 3523 1255 3601 ⁰)
1276 3545 1352 3604 per-

204 3606 352 3688 stiterint,
372 3625 444 3670 cum
464 3607 639 3688 raptoribus
660 3628 736 3670 esse
758 3605 958 3670 damnandas.
989 3609 1024 3672 In
1046 3609 1208 3690 prophetis
1227 3607 1350 3691 legitur,
1406 3585 1407 3654 l

206 3692 280 3772 qnia
300 3691 341 3754 de
362 3692 548 3774 alienigenis
569 3700 677 3755 coneo
696 3690 862 3756 interdicta
875 3689 927 3754 dei
940 3693 1078 3756 Hebraei
1095 3695 1197 3756 sortiti
1216 3694 1352 3756 fuissent

125 3823 128 3828 .
205 3791 344 3859 uxores,
381 3776 528 3856 populum
560 3775 613 3838 dei
645 3796 666 3840 a
696 3778 845 3859 gentibus
878 3785 1083 3859 superatum,
1117 3787 1192 3859 post
1226 3779 1352 3858 praedi·
1406 3773 1407 3820 t

206 3868 302 3922 cante
335 3861 509 3942 propheta,
543 3858 617 3944 quia
650 3861 795 3924 dimisere
828 3880 943 3924 uxores
979 3871 1014 3924 et
1046 3860 1126 3928 iiiios
1160 3872 1194 3924 et
1219 3883 1352 3944 separa·

206 3952 321 4014 verunt
349 3963 387 4010 se
403 3946 454 4030 'ab
484 3944 602 4010 illicitis
631 3945 804 4029 conjugiis,
838 3945 947 4008 statim
974 3947 1136 4015 victoriam
1167 3947 1268 4010 iirisse
1296 3970 1352 4010 se·
1406 4009 1407 4020 ,

207 4038 322 4096 cutam.
362 4027 561 4136 ¹qucumquc
588 4050 665 4126 ergo
691 4031 734 4098 de
762 4027 851 4099 laicis
878 4032 1033 4116 ingenuus
1060 4052 1131 4100 com
1158 4033 1274 4098 talibus
1295 4054 1353 4125 ex·

205 4207 405 4224 W

251 4319 280 4386 ¹)
298 4319 380 4372 conc.
397 4317 507 4371 Milesii.
525 4318 783 4385 cribfflodvecci.
801 4315 858 4373 Asc.
876 4319 990 4386 cluo).
1025 4345 1060 4360 -·-
1101 4319 1132 4386 ι)
1149 4328 1175 4372 et
1191 4283 1353 4384 usnemun
1406 4331 1407 4346 ¹

207 4445 211 4452 ·
252 4387 1097 4520 italides?l‘ttttlttttt’tttltgdbi
1117 4389 1352 4514 llr‘lll‘ig‘ff

206 4590 209 4595 .
253 4523 282 4590 ⁸)
302 4523 347 4576 Sic
364 4539 456 4579 canon.
474 4493 618 4580 Arelat’ll.
636 4527 679 4582 tc.
697 4475 890 4594 ettrn‘msil3
907 4475 1176 4582 intentionaliter:
1208 4497 1243 4571 L·
1277 4495 1285 4513 ⁶
