2858 5036
350 249 590 321 coucumm
618 251 893 328 fflstmNsu
913 255 953 320 ll.
1183 259 1225 326 ⁷1
1263 298 1271 304 -

101 425 180 493 Vll·
217 421 272 490 De
291 419 342 489 bit
362 443 444 508 pene
459 421 669 508 probibentur
682 421 877 508 presbyterio
897 427 934 490 iro
954 425 1181 494 domuerint·

389 513 400 540 ⁰
490 557 495 564 .
537 513 759 576 casamentis.

53 631 57 640 ·
158 594 305 680 Septimo
337 594 483 660 examine
511 595 642 660 relatum
673 603 726 660 est
757 594 849 661 nobis
878 597 1173 664 venerantissimum
1188 597 1223 679 ¹)

60 681 227 766 qnondam
251 681 412 764 Agnpiurn
433 679 650 746 Cordubensis
674 681 763 748 sedis
777 680 814 761 2)
841 681 1025 764 episcopum
1044 685 1223 768 frequenter

59 769 273 852 presbyteres
286 767 468 832 destinasse
477 767 514 849 8)
528 763 582 850 qui
602 768 735 830 absente
753 767 904 850 pontilioe
923 769 1034 834 altaria
1054 771 1222 855 erigerent,

62 855 224 918 basilieas
248 862 488 917 eonseerarent:
515 849 599 935 quod
626 853 752 936 quidem
778 872 841 921 non
867 863 920 920 est
940 857 1049 920 mirurn
1076 856 1109 920 id
1128 877 1223 939 pree-

66 939 203 1021 eepisse
216 939 312 1002 virum
327 935 557 1005 ecelesiasticis
570 939 743 1020 diseipliuis
755 940 900 1022 ignarum
921 949 956 1004 et
975 942 1083 1006 statim
1104 961 1125 1006 a
1143 961 1222 1008 sae-

67 1025 172 1090 ouluri
197 1022 304 1088 militia
333 1025 366 1086 in
393 1024 591 1088 sacerdotale
618 1025 822 1090 ministerium
841 1024 1032 1109 delegatum.
1072 1029 1222 1112 Ergone

67 1111 154 1174 ultre
171 1111 245 1174 telis
266 1128 286 1173 a
305 1110 398 1174 uobis
416 1107 546 1184 lieentia
570 1119 753 1194 usurpetur,
779 1113 935 1174 eommuni
961 1115 1122 1178 sententia
1149 1122 1222 1179 sta-

64 1193 221 1262 tuendum
241 1196 387 1278 oportuit,
407 1195 551 1260 seientes
570 1197 644 1278 quia
663 1197 749 1260 siout
767 1195 953 1281 presbytero
964 1197 1000 1279 ι)
1020 1199 1128 1264 illieite
1139 1219 1221 1264 oon·

66 1282 210 1346 seeretio
236 1289 290 1346 est
315 1280 457 1347 altarium
472 1281 522 1364 ³),
551 1281 595 1347 ita
625 1288 658 1346 et
686 1283 881 1348 constitutio.
931 1284 967 1346 ln
995 1283 1109 1349 divinis
1137 1287 1220 1350 eninr

67 1368 170 1432 literis
197 1363 411 1453 praeeipiente
443 1366 566 1432 domino
595 1368 684 1432 solus
711 1369 847 1452 Moyses
875 1367 907 1435 iu
935 1369 1139 1436 telernaeulo
1168 1370 1221 1434 dei

67 1450 171 1518 erexit
201 1453 318 1540 uitale,
347 1453 437 1518 solus
462 1454 532 1532 ipse
551 1454 656 1533 unxit,
683 1454 792 1538 utique
812 1454 887 1540 quia
906 1473 1046 1520 summus
1067 1457 1220 1520 sacerdos

67 1539 121 1602 dei
147 1547 235 1622 erat,
267 1538 352 1603 sieut
377 1539 531 1621 seriptum
559 1547 612 1604 est
636 1537 678 1602 de
706 1559 745 1603 eo
759 1539 815 1620 ⁸J:
850 1537 976 1622 Moyses
996 1548 1030 1606 et
1048 1543 1162 1606 Aaron
1182 1544 1218 1605 ln

66 1623 287 1690 sacerdotibus
309 1626 388 1706 (ήκω.
405 1621 412 1630 ’
430 1625 567 1711 Ideoque
587 1623 619 1687 id
639 1623 723 1708 quod
748 1633 870 1690 tentum
895 1625 1003 1693 faeere
1027 1628 1220 1710 principibus
1326 1631 1333 1644 '

67 1708 268 1775 sooerdotum
292 1710 419 1794 jussum
447 1717 516 1796 est,
547 1727 676 1792 quorum
698 1718 809 1794 typum
829 1712 964 1798 Moyses
985 1722 1019 1776 et
1038 1714 1145 1780 Aaron
1165 1721 1220 1777 te·

68 1805 219 1876 nuerunt,
244 1795 448 1880 presbyteres
467 1798 521 1882 qui
537 1795 666 1861 filiorum
687 1797 793 1862 Aaron
813 1806 947 1880 gestant
965 1795 1114 1882 liguram,
1140 1797 1220 1862 arri-

68 1902 146 1965 pere
171 1901 234 1944 non
261 1890 470 1966 praesumunt
523 1881 607 1946 Nam
636 1883 780 1966 quamvis
806 1901 879 1947 oum
905 1884 1064 1966 episeopis
1088 1883 1220 1967 plurima

70 1968 132 2031 illis
151 1965 388 2033 ministeriorum
400 1967 435 2047 e)
455 1968 628 2032 eommunis
647 1969 690 2030 sit
710 1967 915 2052 dispensatio,
936 1967 1090 2050 queedam
1111 1978 1219 2032 tamen

68 2054 257 2117 auctoritate
276 2054 396 2116 veteris
417 2051 501 2138 legis
514 2050 567 2134 ⁸),
593 2052 751 2135 quaedam
776 2051 911 2118 novellis
925 2052 959 2134 ⁰)
988 2053 1220 2118 ecelesiasticis

66 2139 188 2223 regulis
207 2138 268 2204 sibi
288 2139 440 2220 prohibita
467 2139 628 2222 noverint,
659 2136 744 2204 sieut
768 2139 1022 2238 presbyterorum
1046 2149 1081 2204 et
1106 2139 1219 2212 diaeo-

68 2242 179 2288 norum
198 2241 238 2288 ae
256 2226 412 2308 uirginum
432 2225 644 2308 consecratio,
663 2223 748 2291 siout
767 2225 949 2290 eonstrtutio
972 2225 1096 2309 altaris,
1116 2227 1218 2290 bene-

68 2311 167 2375 dietio
180 2310 233 2372 vel
252 2311 374 2393 unetio,
394 2309 548 2392 siquidem
566 2329 629 2376 nee
646 2310 743 2376 liuere
760 2312 801 2378 iis
821 2311 991 2378 ecelesiam
1004 2312 1057 2376 vel
1078 2313 1220 2378 altarium

68 2415 256 2462 oonseerere
276 2415 338 2459 nee
358 2415 414 2478 per
434 2397 663 2478 impositionem
684 2395 1220 2480 manusfidelibusbaptizatis10)

68 2483 123 2546 vel
148 2481 314 2546 conversis
341 2501 382 2544 ex
410 2481 593 2546 haeresibus
608 2483 663 2561 Η)
697 2485 888 2565 paracletum
918 2485 1059 2564 spiritum
1086 2483 1221 2564 tradere,

68 2586 132 2632 neo
162 2567 299 2632 olrrisme
327 2565 484 2632 oonfioere
519 2581 582 2629 neo
618 2567 786 2631 chrismate
822 2569 1051 2648 baptizatorum
1087 2569 1220 2632 frontem

69 2653 207 2738 signare,
228 2651 287 2717 sed
307 2671 368 2718 neo
387 2653 512 2737 publice
527 2651 651 2734 quidem
670 2651 704 2716 in
723 2650 824 2734 missa
842 2670 1030 2734 quemquam
1049 2655 1219 2735 poeniten-

68 2741 148 2804 tium
168 2736 379 2820 reeoneiliare,
399 2758 459 2802 neo
479 2738 629 2802 formatas
650 2735 778 2802 ouilibet
799 2734 950 2820 epistolas
969 2735 1100 2800 mittere.
1116 2739 1220 2802 'llaee

69 2827 153 2892 enim
173 2823 276 2888 omnia
297 2825 406 2890 illicita
426 2842 502 2896 esse
521 2823 805 2908 preshyteris12),
830 2822 904 2908 quie
924 2821 1127 2905 pontificatus
1148 2823 1220 2905 api-

70 2930 141 2978 cem
168 2930 232 2974 non
259 2910 394 2994 hubent,
422 2907 507 2993 quod
521 2909 576 2991 18)
604 2909 682 2974 solis
711 2906 817 2974 deberi
845 2909 1005 2993 episeopis
1031 2911 1220 2974 auetoritate

68 3015 223 3064 canonum
242 2994 439 3078 praecipitur,
458 3004 495 3060 ut
514 3015 571 3078 per
590 2995 653 3060 hoe
673 3003 708 3059 et
728 2995 877 3059 diseretio
897 2996 1050 3080 graduum
1067 3005 1100 3060 et
1113 2995 1221 3080 digni-

69 3083 152 3147 tatis
171 3081 330 3168 festigium
352 3083 465 3145 summi
492 3078 650 3163 pontificis
670 3079 907 3145 demonstretur.
948 3081 1016 3146 Sed
1035 3100 1139 3165 neque
1160 3101 1221 3146 oo-

71 3185 142 3234 ram
161 3168 307 3249 episeopo
327 3167 422 3230 lieere
442 3165 636 3250 presbyteris
655 3165 686 3228 in
707 3163 922 3248 baptisterium
947 3169 1087 3251 introire,
1116 3188 1221 3249 neque

70 3261 239 3338 praesente
258 3251 403 3318 antistite
422 3253 574 3316 infantem
592 3253 716 3338 tingere
736 3261 791 3318 aut
810 3253 1030 3336 signorenee
1050 3256 1219 3336 poeniten-

69 3349 124 3404 tes
143 3339 212 3402 sine
230 3347 402 3421 praecepto
422 3339 564 3421 episeopi
589 3340 639 3401 sni
666 3339 884 3420 reeoneiliere,
910 3355 972 3402 nee
992 3359 1031 3402 eo
1051 3348 1220 3420 praesente

68 3433 299 3490 sacromentum
325 3426 463 3507 eorporis
489 3434 525 3488 et
553 3421 717 3508 sanguinis
746 3424 865 3487 Christi
890 3423 1063 3507 oonfieere,
1090 3441 1152 3487 nee
1181 3441 1220 3484 eo

69 3528 175 3577 eorum
199 3510 306 3592 posito
329 3511 476 3592 populum
503 3511 618 3574 dooere
636 3511 690 3572 vel
713 3507 900 3573 benedioere
921 3517 976 3573 ant
996 3509 1134 3573 salutare
1159 3525 1223 3572 neo

68 3597 193 3680 plebem
212 3596 323 3678 utique
342 3595 508 3659 exhortari.

89 3723 174 3790 VIII.
194 3721 247 3785 De
260 3721 402 3808 supremis
417 3721 570 3788 ecelesiae
584 3719 708 3786 libertis
721 3723 759 3784 ul
774 3721 819 3786 od
830 3723 996 3786 servitium
1011 3728 1205 3786 revocentur.

112 3813 114 3818 ’
158 3823 285 3892 0otuvu
316 3825 474 3890 diseussio
509 3833 562 3888 est
592 3823 715 3908 agitata
744 3823 786 3890 de
812 3824 947 3909 quodem
972 3827 1081 3890 Eliseo
1094 3825 1150 3904 14)
1178 3845 1222 3902 ex

66 3909 184 3976 familia
203 3911 398 3996 Egabrensis
413 3910 468 3990 η)
495 3911 676 3994 ecelesiae,
703 3911 757 3994 qui
777 3912 817 3975 ab
839 3912 988 3995 episeopo
1009 3931 1068 3976 suo
1089 3913 1223 3976 traditus

110 4161 141 4230 ¹)
157 4167 397 4214 emesenorum
417 4164 458 4217 M.
498 4187 535 4202 -·
583 4162 614 4230 ²)
630 4170 702 4216 urbte
718 4162 764 4214 AE.
781 4163 837 4216 BR.
855 4162 887 4215 E.
898 4161 924 4216 4.
943 4163 976 4216 Τ.
988 4164 1012 4216 l.
1022 4168 1048 4220 2.
1064 4167 1099 4218 U.
1118 4162 1154 4216 G.
1187 4189 1223 4202 -

108 4233 141 4300 ⁸)
159 4239 348 4296 morepueopor
363 4237 405 4286 eol
420 4241 578 4298 preebpteooe
595 4241 748 4295 musone,
766 4243 807 4295 out
825 4242 906 4286 temen
918 4243 996 4295 lustu
1013 4249 1131 4291 cunonem
1147 4247 1223 4284 onero
1275 4269 1277 4274 -

110 4311 196 4412 'unt
211 4301 240 4354 in
257 4319 292 4354 nr.
310 4303 349 4356 lt.
368 4323 406 4349 -r
434 4304 465 4371 ⁴)
482 4310 522 4356 vel
539 4311 713 4366 etoreptseopo
730 4304 792 4357 add.
809 4302 838 4356 iu
854 4319 889 4356 m.
906 4305 944 4357 M.
965 4332 1002 4345 —
1033 4306 1169 4370 ⁵),nltarts
1186 4304 1224 4354 M.

128 4369 874 4511 ‘ndtltfflftlrlbddfidssffidbl
887 4399 935 4500 512.
951 4373 1228 4512 ἓᾞῖῖὲῗῖἷῖῗ·

111 4511 125 4550 ⁹
160 4511 265 4566 eredo.
281 4513 320 4566 Μ.
363 4537 398 4553 -··
447 4509 807 4578 1⁰)oaeuzenoninmiu.
850 4541 888 4556 -
935 4514 985 4581 ¹¹)
1002 4523 1101 4567 mear
1117 4515 1156 4567 Μ.
1190 4539 1226 4552 -

91 4589 125 4624 ¹²
160 4588 402 4651 veteterepeoopo
420 4581 576 4638 eddium.
593 4585 634 4638 Μ.
656 4609 697 4637 -·.
721 4588 772 4656 1³)
789 4603 859 4650 poem
876 4585 915 4638 Μ.
940 4609 975 4626 -··
1005 4587 1056 4654 Ν)
1074 4593 1170 4638 museo
1188 4584 1223 4635 Μ.

93 4651 143 4719 ¹³)
161 4661 312 4718 sosarmo
328 4651 357 4706 in
373 4659 409 4719 t,
432 4654 648 4716 neoptolemum
667 4673 701 4708 ru.
720 4655 756 4708 Μ.
791 4683 827 4700 -
