2864 5042
209 216 275 287 art
444 214 686 312 coucnnuu
706 218 1129 292 oucusrouununsn

209 385 326 452 debent
345 385 494 450 exhibere
520 391 689 476 episcopo,
718 389 867 474 quidquid
886 389 927 456 de
948 392 1118 460 minoribus
1137 401 1173 456 et
1193 394 1386 460 levioribus

211 471 318 536 causis
339 472 496 556 corrigere
516 485 625 558 potest
645 471 811 541 emendare
832 485 981 560 satagat,
1010 487 1046 542 ut
1066 479 1209 562 pontifex
1231 484 1385 544 veniens

209 574 406 640 nequaquam
434 559 465 622 in
494 559 682 626 facilioribus
701 561 839 644 negotiis
859 563 1027 648 fatigetur,
1053 574 1108 630 aut
1129 559 1192 630 sibi
1211 564 1385 631 immorari

210 642 501 725 amplius'necesse
522 645 565 710 sit
586 647 628 710 ibi
648 664 742 729 quom
763 665 904 728 expensa
924 645 1071 718 sufficiat
1112 649 1169 712 Ait
1198 647 1288 714 enim
1316 651 1384 714 do-

209 730 312 792 miuus
338 727 378 790 ad
399 729 536 811 Moysen
567 729 607 794 de
634 729 852 812 hujuscemodi
879 734 1150 814 cooperatoribus:
1186 733 1233 798 Ut
1261 744 1382 799 tecum

210 811 356 894 (inquit)
381 821 562 878 sustentent
589 835 666 880 ortua
687 815 816 898 ppulo,
844 825 877 880 et
902 837 967 880 non
993 826 1030 881 tu
1049 817 1134 881 soluo
1155 827 1313 902 graveria
1335 821 1381 902 ¹),

210 908 243 962 et
260 900 373 961 beatus
386 899 529 962 Joannea
551 901 689 983 baptista
710 902 878 965 adventum
899 899 1015 966 domini
1035 907 1250 986 praecucurrit
1272 927 1380 986 prae-

210 983 343 1048 dicando
365 982 493 1048 dicens:
514 985 752 1050 Paenitentiam
773 989 865 1070 agito
881 997 943 1050 cto.
958 987 1003 1068 ²),
1027 992 1214 1052 etiterum:
1243 991 1379 1054 Parate

210 1073 298 1134 meaa
317 1068 455 1152 dooeioi3
475 1067 504 1133 si
525 1071 649 1152 quidem
671 1073 841 1154 opiscopus
855 1073 960 1136 vicem
974 1073 1093 1137 Christi
1113 1093 1213 1158 agere
1228 1077 1375 1158 videtur,

210 1164 244 1223 at
264 1154 335 1220 ideo
363 1171 433 1217 curn
455 1156 589 1238 gaudio,
616 1157 726 1220 timore
754 1165 789 1220 et
814 1176 936 1221 summ
963 1163 1141 1223 reverentia
1169 1180 1191 1223 a
1218 1163 1374 1242 plebibus

209 1242 268 1306 eibi
290 1235 444 1321 subjectis
464 1241 684 1324 suscipiendus
705 1252 772 1323 est,
793 1251 828 1305 ut
846 1242 908 1306 illis
928 1262 999 1306 curn
1020 1246 1114 1310 laude
1134 1246 1261 1309 dicatur
1281 1248 1377 1326 quod

209 1326 372 1406 apostolus
391 1321 554 1407 discipulis
574 1326 668 1390 dicit:
701 1328 946 1404 ibatimorn‘am,
967 1329 1083 1416 inquit,
1104 1333 1194 1396 nobie
1208 1333 1374 1416 perhibeo

150 1409 159 1424 ’
209 1413 361 1495 pendito
380 1413 564 1494 concepistis
584 1432 635 1476 ore
654 1414 740 1479 aiom
760 1412 909 1496 engelram
928 1414 983 1480 det
997 1416 1040 1496 ⁸).

173 1929 179 1950 “
340 1915 635 2000 concinunt
659 1917 1168 2005 AUGUSTODUNENSE
1181 1921 1229 2018 ’λ

682 2081 882 2102 ..Ἤ-ι·

204 2213 256 2322 Ρ
258 2252 353 2314 rimus
374 2245 486 2310 titulus
506 2247 559 2311 bic
581 2256 632 2310 est
652 2165 848 2314 monasticae
869 2245 1071 2334 disciplinae,
1098 2258 1134 2313 ut
1155 2249 1292 2314 abbates
1312 2249 1365 2312 vel

204 2344 348 2414 monachi
376 2336 535 2423 peculiare
563 2358 624 2404 non
645 2340 797 2425 habeant,
827 2351 861 2408 et
882 2343 1026 2410 monachi
1045 2345 1085 2408 ab
1105 2346 1223 2409 abbate
1242 2347 1360 2410 vieturu'

205 2443 240 2504 et
258 2429 411 2497 vestitum
432 2436 618 2491 consuetum
638 2428 804 2512 accipiant.
1413 2445 1414 2448 ¹

758 2511 792 2577 V

198 2577 204 2594 i
287 2604 332 2674 Ut
352 2605 529 2687 compatres
550 2601 653 2664 nullus
673 2555 802 2749 miii
803 2598 919 2668 audeat
938 2599 1062 2668 babere.

289 2777 335 2841 Ut
355 2777 386 2838 ln
407 2772 589 2838 civitatibus
610 2794 671 2838 non
691 2733 906 2836 inveniintur:
938 2773 1021 2856 qued
1042 2769 1072 2837 si
1093 2787 1192 2836 causa
1210 2769 1365 2838 utilitatis

205 2859 400 2940 monasterii,
430 2877 502 2922 cnm
528 2857 626 2926 literis
653 2859 776 2924 abbatis
804 2859 854 2922 sui
881 2857 922 2923 ad
944 2859 1195 2924 arclridiaccnorn
1216 2858 1367 2924 civitatis

204 2951 331 3036 seriptis
349 2944 530 3032 dirigantur.
735 3027 813 3094 vm

287 3119 332 3182 Ut
352 3117 457 3180 abbati
478 3078 537 3180 suo
559 3135 599 3180 ac
618 3117 798 3198 praeposito
812 3077 882 3181 'sint
902 3115 1096 3192 obedientes.

286 3287 331 3354 Ut
358 3287 461 3350 nullus
487 3285 712 3348 familiaritates
742 3203 959 3351 eiiraneamm
988 3287 1146 3354 muliannn
1173 3299 1365 3372 praesumat
1412 3261 1413 3346 J

203 3377 344 3454 babere‚·
358 3381 392 3436 et
412 3373 465 3455 qui
486 3372 635 3434 inventus
655 3371 757 3460 fuerit,
778 3371 922 3435 severius
944 3375 1123 3460 corrigatur.
1152 3373 1196 3438 Ut
1216 3375 1364 3440 mulieri-
1412 3375 1413 3394 ¹

136 3477 144 3488 ·
203 3465 263 3528 bus
283 3464 315 3525 in
334 3458 558 3522 monasterium
579 3457 797 3520 monachorum
819 3457 996 3523 nullatenus
1016 3459 1137 3544 ingredi
1156 3461 1258 3522 liceat

288 3546 464 3610 statuimus
484 3553 580 3626 atque
604 3543 816 3624 decernimus,
841 3552 877 3605 ut
897 3545 999 3608 nullus
1020 3545 1205 3608 monachum
1225 3546 1361 3608 alterius

203 3635 324 3716 absquo
345 3631 500 3712 permissu
518 3627 569 3692 sui
589 3629 713 3694 abbatis
733 3637 915 3709 praesumat
940 3631 1090 3711 retinere,
1114 3631 1177 3696 sed
1204 3649 1275 3694 eran
1305 3633 1362 3692 in-

202 3730 319 3799 ventus
349 3717 442 3780 fuerit
467 3732 609 3798 vagans,
636 3714 678 3777 ad
698 3711 811 3780 cellam
831 3714 985 3796 propriam
1004 3725 1171 3782 revocetur
1191 3717 1246 3782 ubi
1261 3715 1360 3798 jusu

203 3807 362 3894 culparum
381 3801 493 3869 merita
513 3799 717 3882 coercendus.
735 3836 820 3946 XV1

219 3945 246 3958 Ν
289 3971 341 4052 De
368 3971 533 4037 abbatibus
553 3974 630 4054 reio
657 3969 711 4046 vel
739 3960 901 4034 monacbis
928 3968 974 4032 ita
1001 3967 1171 4034 observare
1197 3968 1358 4050 convenit,

129 4119 133 4130 r
202 4111 399 4144 W-

245 4189 886 4332 illitati·immittant
903 4187 1355 4340 iteratim-lter
1411 4291 1412 4294 κ

150 4367 153 4376 .
222 4393 225 4399 ¹
271 4333 359 4386 nausia
375 4332 556 4405 producuntur
574 4331 647 4390 titulo
665 4332 774 4395 XLIV„
795 4331 841 4398 qui
858 4333 900 4383 cot
917 4331 949 4390 de
967 4329 1102 4389 monacbis
1126 4334 1154 4382 et
1173 4336 1353 4394 monasterus,

222 4453 227 4465 ,
255 4416 387 4461 ‚canones
411 4401 513 4470 aliquot
536 4416 570 4452 ex
591 4400 640 4452 lrac
657 4401 757 4466 synodo
776 4401 821 4467 qni
840 4416 930 4454 omnes
948 4399 981 4452 ad
999 4399 1163 4468 disciplinam
1181 4400 1352 4456 monasticam

222 4475 227 4486 ¹
274 4475 394 4535 spectant
426 4469 672 4536 inscribunturr'pue:
703 4475 816 4521 venenet
838 4475 1073 4532 Aoprratorluoenoer
1098 4477 1180 4520 socen
1205 4475 1352 4532 acceperit

272 4545 393 4600 epteoopn
423 4556 510 4606 neque
533 4544 619 4590 tameo
641 4538 755 4593 universi
778 4555 811 4592 eo
835 4541 893 4592 loco
916 4537 1099 4592 describuntur
1121 4539 1168 4592 aad
1192 4538 1350 4606 quibusdam

272 4606 464 4672 praetermissis
482 4607 508 4661 bi
527 4607 654 4662 duntaxat
671 4609 718 4677 qul
732 4613 886 4677 sequuntur.
920 4607 1042 4662 Mauri.
1076 4632 1112 4648 -·-
