2864 5042
210 251 277 318 ιω
487 245 738 324 CONCMUM
756 245 1014 319 Prummu
1030 245 1077 310 ιι.

211 421 293 504 cipis
306 418 411 492 domm
424 417 617 494 uuachun
636 419 724 504 regis
739 419 780 484 ιιι
790 415 934 503 synodali
946 417 1083 492 moute
1090 415 1378 484 convenissemus

212 518 277 572 tem
307 525 362 589 pro
389 505 577 570 renovandis
605 507 800 588 antiquorum
826 523 979 602 canonum
1007 495 1137 568 statutis
1166 523 1253 586 quae
1272 521 1378 583 prae-

212 593 313 658 sentis
333 591 483 674 temporis
502 592 717 664 necessarium
736 592 814 664 uon
833 587 1028 672 oportunitas
1047 589 1170 688 iteruri,
1197 607 1296 670 quam
1320 589 1376 650 his

257 698 296 742 ae
325 677 366 744 ad
392 687 562 762 surgentes
588 677 806 778 undecumque
832 677 1023 758 querelarum
1048 675 1197 738 materias
1226 674 1375 738 recentis

235 761 403 830 ebuitionis
424 762 497 827 ordo
519 763 664 846 poposcit
684 762 815 844 institui,
829 770 1004 826 tractantes
1021 760 1100 842 qnid
1115 757 1278 842 principis,
1294 757 1373 840 quid

213 851 308 927 saluti
340 844 445 932 popuii
476 848 584 912 utilius
615 859 812 932 competeret
836 847 890 911 vel
918 843 992 930 quid
1012 845 1266 920 'ecclesiasticus
1294 843 1373 908 ordo

213 933 377 1003 salubriter
397 935 599 1001 observaret:

254 1055 281 1117 1.
305 1051 357 1116 Do
377 1051 590 1136 epiceoporron
611 1049 817 1115 euouoeitm
829 1052 932 1134 jurio
951 1069 1088 1115 emoneo
1107 1050 1330 1115 elimandis.

102 1205 105 1214 .
299 1156 402 1219 Primo
430 1155 461 1216 ιιι
489 1155 559 1218 loco
588 1163 625 1218 ut
654 1174 806 1218 canonum
833 1155 977 1218 instituta
1004 1154 1043 1217 ab
1058 1155 1213 1217 -omriibus
1234 1173 1372 1218 conser-

213 1250 340 1322 ventur,
368 1248 404 1304 et
429 1239 512 1322 quotl
541 1259 597 1322 per
623 1239 737 1322 priora¹
750 1243 931 1321 temporum
950 1241 1055 1320 spetie'
1080 1241 1292 1322 prdeoeptum
1318 1248 1371 1300 est

213 1330 266 1392 vel
292 1324 442 1404 deinceps
468 1326 690 1406 perpetualiter
718 1325 922 1388 observetur:
949 1326 1010 1387 hoo
1032 1333 1100 1406 est,
1128 1334 1165 1387 ut
1187 1325 1370 1389 decedente

208 1415 364 1493 episcopo
395 1407 427 1470 ιιι
456 1409 528 1470 locu
557 1409 658 1488 ipnius
688 1408 740 1471 ille
772 1409 898 1473 Christo
928 1408 1060 1492 propitio
1089 1408 1206 1472 debeat
1236 1411 1371 1474 ordinari

211 1515 307 1579 quem
328 1493 649 1574 metropolitauus,e
630 1512 738 1575 equo
764 1494 949 1558 mdinendus
971 1503 1039 1574 est,
1068 1513 1140 1556 cum
1162 1497 1371 1576 comprovin-

212 1580 306 1646 cialib
367 1577 454 1658 suis,
461 1579 563 1642 clerus
577 1579 630 1640 vel
650 1581 784 1660 populus
804 1580 974 1661 civitatis,
971 1580 1095 1660 absque
1116 1581 1179 1641 uilo
1201 1581 1369 1644 commodo

212 1667 266 1730 vel
350 1663 421 1726 inne
447 1659 600 1743 pecuniae
619 1664 793 1747 elegerintq
828 1664 911 1762 qnod
941 1663 971 1726 si
1003 1665 1094 1727 aliter
1120 1673 1177 1727 aut
1202 1675 1369 1746 potestate

212 1753 364 1832 ubrepat
389 1755 445 1812 ent
474 1765 671 1830 quecumque
700 1745 896 1849 negligentia
924 1749 1043 1830 absque
1069 1750 1236 1814 electione.
1244 1762 1369 1815 metro-

208 1833 725 2002 ,illacrimarit
697 1835 1368 2000 ιιιιιιιιιιιιιιιιιι

293 2035 376 2100 ·tt.
423 2035 466 2102 Ut
486 2039 631 2122 episcopo
652 2039 823 2120 superstite
842 2033 947 2126 nullm
968 2027 1020 2099 itti
1032 2027 1237 2152 subrogetur.

298 2139 343 2204 Ut
364 2141 466 2202 nullus
481 2142 699 2227 episcoporum
715 2157 753 2202 se
766 2141 895 2202 vivente
917 2135 1040 2222 alium
1030 2160 1060 2203 ιιι
1081 2141 1154 2202 loco
1175 2159 1235 2204 sun
1258 2141 1366 2225 eligat,

214 2246 276 2292 nec
290 2213 528 2306 qualiscumque
542 2233 679 2322 persona
695 2223 746 2286 tito
765 2213 942 2304 superstite
958 2225 1061 2288 iocum
1080 2223 1181 2306 ipsius
1202 2227 1264 2288 sub
1288 2247 1367 2307 quo-

211 2327 349 2408 mque
369 2317 552 2390 argumento
568 2308 649 2372 vel'
641 2310 768 2391 ingenio
786 2309 939 2390 ¹adoptare
959 2319 1138 2390 praesmnet
1157 2329 1222 2373 nen
1240 2329 1270 2373 a
1286 2330 1367 2393 quo-
1411 2365 1412 2374 ,

213 2401 308 2480 quant
339 2391 455 2456 debent
486 2392 639 2474 ordinari,
674 2394 744 2454 nisi
768 2403 880 2495 οιιιιιιι
911 2394 1128 2472 conditiones
1138 2394 1306 2460 extiterint
1331 2404 1365 2458 ut
1411 2401 1412 2458 ἒ

210 2479 382 2546 eeclesiam
403 2497 492 2543 suam
515 2487 555 2540 et
569 2479 684 2542 derum
705 2496 818 2561 regere
831 2468 900 2541 'trun
921 2481 1032 2562 pessit.

224 2600 290 2714 ill.
324 2595 367 2661 Ut
389 2595 498 2660 ιιιιιιι
519 2603 632 2664 centra
652 2601 813 2682 ιιιιιιιιιιι
833 2615 905 2662 euos
920 2599 1139 2684 potentiorum
1151 2602 1347 2697 patrocinio

662 2701 725 2749 uon
766 2691 911 2746 ιιαιιαιιι.
1002 2693 1005 2700 ’

296 2767 342 2833 Ut
370 2770 398 2831 si
429 2768 500 2849 quis
515 2766 664 2852 clericus
695 2705 833 2850 quodibet
863 2759 981 2830 h'nnore
1011 2765 1149 2832 munitus
1182 2773 1366 2850 contempto

215 2853 378 2954 episoqpo
388 2869 445 2915 suo
466 2851 506 2914 ad
527 2845 697 2938 principem
717 2854 770 2914 vel
796 2851 837 2916 ad
863 2851 1056 2936 potentiores
1075 2846 1218 2915 homines
1236 2855 1292 2914 vel
1314 2853 1368 2917 ubi

214 2954 249 3006 et
269 2939 322 3004 ubi
344 2931 504 3001 ambularit
517 2936 570 3000 vei
587 2930 646 3003 sibi
666 2946 815 3018 petrones
837 2939 976 3021 elegerit,
997 2957 1059 3000 non
1080 2939 1246 3019 recipietur
1264 2957 1369 3020 prae·
1410 2955 1411 2958 ’

190 3037 263 3091 .ter
288 3035 326 3089 ut
353 3025 478 3086 venium
503 3017 623 3086 'delient
649 3025 834 3105 promereri:
865 3023 948 3122 quod
975 3023 1004 3086 si
1031 3017 1157 3106 iecerit,
1187 3023 1239 3122 qui
1257 3027 1368 3104 ipsum

214 3120 289 3196 post
309 3107 549 3170 admonitionem
568 3107 728 3206 pontilicis
751 3107 800 3169 sui
820 3109 953 3171 retinere
974 3110 1233 3209 praesumpserit,
1257 3127 1368 3172 nove-

213 3197 275 3260 rint
295 3208 332 3254 se
353 3187 519 3274 utrumque
538 3193 672 3273 priorum
692 3209 844 3278 cenenum
867 3194 1025 3258 sententie
1045 3192 1246 3302 damnandos
1410 3165 1411 3260 i

237 3278 314 3394 JV.
343 3307 387 3374 Ut
407 3305 518 3375 clerici
537 3317 561 3371 ιι
573 3309 689 3390 judice
708 3309 868 3388 soeculari
888 3311 1022 3396 obopne
1019 3293 1163 3396 episcopi
1184 3329 1341 3375 eumenen

622 3413 686 3456 ιιοιι
705 3379 952 3478 destringantur.
1080 3449 1083 3457 .

297 3483 342 3548 Ut
362 3480 465 3560 qullus
482 3477 623 3578 judicum
644 3499 747 3576 neque
769 3483 985 3579 presbyterum
1006 3497 1108 3562 neque
1110 3442 1296 3543 diaconum
1312 3481 1366 3543 vel

214 3571 361 3636 clericum
388 3567 481 3628 ulium
510 3574 565 3627 aut
593 3565 734 3645 juniores
763 3567 919 3628 ecclesiae
947 3569 1016 3628 sine
1045 3568 1179 3629 scientia
1204 3567 1366 3646 pontificis

213 3677 271 3740 per
291 3673 329 3716 se
350 3650 528 3750 distu'ngat
538 3659 593 3712 aut
612 3651 758 3713 damnare
780 3660 975 3732 praesumat:
1005 3649 1088 3732 quod
1115 3652 1143 3714 si
1167 3651 1292 3730 iecerit,
1324 3653 1364 3712 ab

81 3785 85 3796 2
213 3739 352 3805 ecclesia
371 3737 422 3798 cui
442 3734 582 3816 injuriam
603 3737 739 3817 irrogare
759 3734 953 3816 dignoscitur
973 3737 1091 3798 tamdiu
1112 3737 1155 3798 sit
1174 3743 1364 3818 sequestra·

214 3837 284 3906 tus,
305 3821 450 3982 quamdiu
472 3829 592 3881 reatum
612 3839 703 3920 suurn
724 3818 950 3902 corrigate1)
932 3829 966 3882 t
986 3820 1140 3883 emendet

366 3936 486 4002 itt
506 3912 549 4001 Ut
571 3935 692 4000 libelii
700 3937 740 3998 ab
761 3939 916 4020 episcopale
937 3937 1179 4019 desererentur·
1218 3911 1265 3972 '¹¹⁸

298 4001 417 4104 Liberti
441 4059 710 4122 quorumcumque
721 4041 933 4121 ingenuorum
961 4060 981 4103 a
1006 4040 1225 4105 sacerdotibus
1251 4038 1364 4103 deien-

216 4136 325 4194 sentur
344 4144 404 4189 nec
426 4127 464 4186 ad
487 4127 643 4206 publicum
663 4126 793 4187 ulterius
813 4134 1014 4188 revocentur:
1020 4125 1171 4213 quodsi
1191 4127 1263 4206 quis
1284 4145 1363 4188 numu

214 4211 377 4280 temerario
400 4216 464 4270 eos
477 4212 659 4294 imprimere
668 4195 809 4272 voluerit
825 4215 879 4272 eut
899 4208 943 4272 ed
961 4212 1117 4290 publicum
1127 4204 1307 4291 revocare,
1330 4217 1362 4271 et

190 4299 392 4367 ,admensus
418 4311 480 4375 per
502 4287 700 4374 pontificem
695 4293 747 4355 ed
770 4295 962 4358 ‘audientium
982 4297 1090 4358 venire
1110 4295 1288 4378 neglexerit
1305 4303 1361 4358 eut
1409 4296 1410 4311 ¹

216 4382 382 4444 emendare
402 4377 485 4461 quod
505 4381 698 4461 perpetravit
716 4376 888 4462 distulerit,
911 4383 1123 4446 commuuione
1143 4381 1293 4463 privetur.

212 4521 412 4552 W..-
421 4533 423 4541 t

224 4595 584 4664 ‘'²1)copimrcotindr.M.
617 4625 654 4638 -
714 4599 751 4622 '¹
857 4575 877 4606 ’γ
