<?xml version="1.0" encoding="UTF-8"?>
<!DOCTYPE html PUBLIC "-//W3C//DTD XHTML 1.0 Transitional//EN"
    "http://www.w3.org/TR/xhtml1/DTD/xhtml1-transitional.dtd">
<html xmlns="http://www.w3.org/1999/xhtml" xml:lang="en" lang="en">
 <head>
  <title>
</title>
<meta http-equiv="Content-Type" content="text/html;charset=utf-8" />
  <meta name='ocr-system' content='tesseract 3.04.00' />
  <meta name='ocr-capabilities' content='ocr_page ocr_carea ocr_par ocr_line ocrx_word'/>
</head>
<body>
  <div class='ocr_page' id='page_1' title='image "./canonesapostolo01brungoog_0228.png"; bbox 0 0 2868 5040; ppageno 0'>
   <div class='ocr_carea' id='block_1_1' title="bbox 187 191 1349 488">
    <p class='ocr_par' dir='ltr' id='par_1_1' title="bbox 187 191 1349 488">
     <span class='ocr_line' id='line_1_1' title="bbox 188 191 1106 300; baseline -0.001 -2"><span class='ocrx_word' id='word_1_1' title='bbox 188 227 254 298; x_wconf 79' lang='lat' dir='ltr'><strong>aot</strong></span> <span class='ocrx_word' id='word_1_2' title='bbox 424 224 667 300; x_wconf 74' lang='lat' dir='ltr'><strong>contemtum</strong></span> <span class='ocrx_word' id='word_1_3' title='bbox 690 191 1030 300; x_wconf 77' lang='lat' dir='ltr'><strong>nuannuunin‘sia</strong></span> <span class='ocrx_word' id='word_1_4' title='bbox 1051 212 1106 297; x_wconf 82' lang='lat' dir='ltr'><strong>iv.</strong></span> 
     </span>
     <span class='ocr_line' id='line_1_2' title="bbox 187 367 1349 488; baseline 0.003 -22"><span class='ocrx_word' id='word_1_5' title='bbox 187 396 271 466; x_wconf 77' lang='lat' dir='ltr'><strong>Xffl.</strong></span> <span class='ocrx_word' id='word_1_6' title='bbox 306 392 349 466; x_wconf 81' lang='lat' dir='ltr'><strong>Ut</strong></span> <span class='ocrx_word' id='word_1_7' title='bbox 371 399 483 466; x_wconf 73' lang='lat' dir='ltr'><strong>cterter</strong></span> <span class='ocrx_word' id='word_1_8' title='bbox 495 371 636 486; x_wconf 72' lang='lat' dir='ltr'><strong>publicis</strong></span> <span class='ocrx_word' id='word_1_9' title='bbox 658 367 846 466; x_wconf 64' lang='lat' dir='ltr'><strong>aetianam</strong></span> <span class='ocrx_word' id='word_1_10' title='bbox 859 408 893 469; x_wconf 82' lang='lat' dir='ltr'><strong>et</strong></span> <span class='ocrx_word' id='word_1_11' title='bbox 914 373 1024 468; x_wconf 73' lang='lat' dir='ltr'><strong>tutelis</strong></span> <span class='ocrx_word' id='word_1_12' title='bbox 1045 423 1109 468; x_wconf 82' lang='lat' dir='ltr'><strong>non</strong></span> <span class='ocrx_word' id='word_1_13' title='bbox 1129 387 1349 488; x_wconf 78' lang='lat' dir='ltr'><strong>applicentur.</strong></span> 
     </span>
    </p>
   </div>
   <div class='ocr_carea' id='block_1_2' title="bbox 186 485 1350 1260">
    <p class='ocr_par' dir='ltr' id='par_1_2' title="bbox 186 485 1350 1260">
     <span class='ocr_line' id='line_1_3' title="bbox 274 485 1350 574; baseline 0.005 -23"><span class='ocrx_word' id='word_1_14' title='bbox 274 487 312 554; x_wconf 69' lang='lat' dir='ltr'><strong>ui</strong></span> <span class='ocrx_word' id='word_1_15' title='bbox 340 487 412 570; x_wconf 87' lang='lat' dir='ltr'><strong>quis</strong></span> <span class='ocrx_word' id='word_1_16' title='bbox 441 485 582 572; x_wconf 86' lang='lat' dir='ltr'><strong>judicum</strong></span> <span class='ocrx_word' id='word_1_17' title='bbox 614 487 747 552; x_wconf 78' lang='lat' dir='ltr'><strong>elericos</strong></span> <span class='ocrx_word' id='word_1_18' title='bbox 777 488 817 552; x_wconf 86' lang='lat' dir='ltr'><strong>de</strong></span> <span class='ocrx_word' id='word_1_19' title='bbox 847 487 986 574; x_wconf 85' lang='lat' dir='ltr'><strong>quolibet</strong></span> <span class='ocrx_word' id='word_1_20' title='bbox 1015 509 1144 574; x_wconf 82' lang='lat' dir='ltr'><strong>corpore</strong></span> <span class='ocrx_word' id='word_1_21' title='bbox 1173 492 1350 560; x_wconf 82' lang='lat' dir='ltr'><strong>venientes</strong></span> 
     </span>
     <span class='ocr_line' id='line_1_4' title="bbox 187 569 1350 656; baseline 0.002 -18"><span class='ocrx_word' id='word_1_22' title='bbox 187 577 285 656; x_wconf 76' lang='lat' dir='ltr'><strong>atque</strong></span> <span class='ocrx_word' id='word_1_23' title='bbox 311 569 421 636; x_wconf 81' lang='lat' dir='ltr'><strong>altario</strong></span> <span class='ocrx_word' id='word_1_24' title='bbox 448 575 644 654; x_wconf 89' lang='lat' dir='ltr'><strong>mancipatos</strong></span> <span class='ocrx_word' id='word_1_25' title='bbox 671 575 724 638; x_wconf 86' lang='lat' dir='ltr'><strong>vel</strong></span> <span class='ocrx_word' id='word_1_26' title='bbox 752 593 880 656; x_wconf 91' lang='lat' dir='ltr'><strong>quorum</strong></span> <span class='ocrx_word' id='word_1_27' title='bbox 901 577 1026 637; x_wconf 85' lang='lat' dir='ltr'><strong>nomina</strong></span> <span class='ocrx_word' id='word_1_28' title='bbox 1046 573 1078 638; x_wconf 90' lang='lat' dir='ltr'><strong>in</strong></span> <span class='ocrx_word' id='word_1_29' title='bbox 1099 577 1262 639; x_wconf 77' lang='lat' dir='ltr'><strong>matricula</strong></span> <span class='ocrx_word' id='word_1_30' title='bbox 1285 597 1350 640; x_wconf 87' lang='lat' dir='ltr'><strong>ec-</strong></span> 
     </span>
     <span class='ocr_line' id='line_1_5' title="bbox 187 657 1350 744; baseline 0 -21"><span class='ocrx_word' id='word_1_31' title='bbox 187 659 308 723; x_wconf 87' lang='lat' dir='ltr'><strong>clesiae</strong></span> <span class='ocrx_word' id='word_1_32' title='bbox 329 663 495 724; x_wconf 79' lang='lat' dir='ltr'><strong>teneantur</strong></span> <span class='ocrx_word' id='word_1_33' title='bbox 510 659 687 742; x_wconf 80' lang='lat' dir='ltr'><strong>&#39;irascripta,</strong></span> <span class='ocrx_word' id='word_1_34' title='bbox 715 657 851 744; x_wconf 82' lang='lat' dir='ltr'><strong>publicis</strong></span> <span class='ocrx_word' id='word_1_35' title='bbox 872 660 1048 724; x_wconf 78' lang='lat' dir='ltr'><strong>actionibus</strong></span> <span class='ocrx_word' id='word_1_36' title='bbox 1069 659 1226 744; x_wconf 84' lang='lat' dir='ltr'><strong>applicare</strong></span> <span class='ocrx_word' id='word_1_37' title='bbox 1247 681 1350 742; x_wconf 87' lang='lat' dir='ltr'><strong>prae-</strong></span> 
     </span>
     <span class='ocr_line' id='line_1_6' title="bbox 187 741 1346 830; baseline -0.002 -18"><span class='ocrx_word' id='word_1_38' title='bbox 187 745 379 828; x_wconf 77' lang='lat' dir='ltr'><strong>sumpsnu,</strong></span> <span class='ocrx_word' id='word_1_39' title='bbox 422 741 452 810; x_wconf 87' lang='lat' dir='ltr'><strong>si</strong></span> <span class='ocrx_word' id='word_1_40' title='bbox 488 763 508 808; x_wconf 87' lang='lat' dir='ltr'><strong>a</strong></span> <span class='ocrx_word' id='word_1_41' title='bbox 543 745 711 810; x_wconf 84' lang='lat' dir='ltr'><strong>sacerdota</strong></span> <span class='ocrx_word' id='word_1_42' title='bbox 746 747 954 810; x_wconf 86' lang='lat' dir='ltr'><strong>commonitus</strong></span> <span class='ocrx_word' id='word_1_43' title='bbox 993 748 1160 812; x_wconf 83' lang='lat' dir='ltr'><strong>emendare</strong></span> <span class='ocrx_word' id='word_1_44' title='bbox 1200 747 1346 830; x_wconf 83' lang='lat' dir='ltr'><strong>noluerit,</strong></span> 
     </span>
     <span class='ocr_line' id='line_1_7' title="bbox 187 832 1346 914; baseline -0.003 -15"><span class='ocrx_word' id='word_1_45' title='bbox 187 838 367 914; x_wconf 74' lang='lat' dir='ltr'><strong>eognoscat</strong></span> <span class='ocrx_word' id='word_1_46' title='bbox 385 849 424 896; x_wconf 80' lang='lat' dir='ltr'><strong>so</strong></span> <span class='ocrx_word' id='word_1_47' title='bbox 444 849 560 912; x_wconf 78' lang='lat' dir='ltr'><strong>paoem</strong></span> <span class='ocrx_word' id='word_1_48' title='bbox 579 832 738 896; x_wconf 85' lang='lat' dir='ltr'><strong>ecclesiae</strong></span> <span class='ocrx_word' id='word_1_49' title='bbox 758 851 819 896; x_wconf 81' lang='lat' dir='ltr'><strong>aon</strong></span> <span class='ocrx_word' id='word_1_50' title='bbox 841 833 967 897; x_wconf 85' lang='lat' dir='ltr'><strong>babere.</strong></span> <span class='ocrx_word' id='word_1_51' title='bbox 1015 832 1164 898; x_wconf 74' lang='lat' dir='ltr'><strong>Similiter</strong></span> <span class='ocrx_word' id='word_1_52' title='bbox 1190 839 1227 896; x_wconf 86' lang='lat' dir='ltr'><strong>et</strong></span> <span class='ocrx_word' id='word_1_53' title='bbox 1248 853 1269 896; x_wconf 86' lang='lat' dir='ltr'><strong>a</strong></span> <span class='ocrx_word' id='word_1_54' title='bbox 1290 841 1346 896; x_wconf 91' lang='lat' dir='ltr'><strong>tu-</strong></span> 
     </span>
     <span class='ocr_line' id='line_1_8' title="bbox 187 915 1346 1000; baseline 0 -18"><span class='ocrx_word' id='word_1_55' title='bbox 187 916 275 982; x_wconf 79' lang='lat' dir='ltr'><strong>telae</strong></span> <span class='ocrx_word' id='word_1_56' title='bbox 289 915 322 995; x_wconf 86' lang='lat'><strong>¹)</strong></span> <span class='ocrx_word' id='word_1_57' title='bbox 348 915 615 992; x_wconf 73' lang='lat' dir='ltr'><strong>admmbustioue</strong></span> <span class='ocrx_word' id='word_1_58' title='bbox 639 915 823 1000; x_wconf 71' lang='lat' dir='ltr'><strong>pontifices,</strong></span> <span class='ocrx_word' id='word_1_59' title='bbox 847 919 1053 1000; x_wconf 81' lang='lat' dir='ltr'><strong>presbyteras</strong></span> <span class='ocrx_word' id='word_1_60' title='bbox 1069 927 1167 1000; x_wconf 80' lang='lat' dir='ltr'><strong>etqua</strong></span> <span class='ocrx_word' id='word_1_61' title='bbox 1190 918 1346 982; x_wconf 77' lang='lat' dir='ltr'><strong>diaconm</strong></span> 
     </span>
     <span class='ocr_line' id='line_1_9' title="bbox 187 1000 1346 1086; baseline -0.003 -15"><span class='ocrx_word' id='word_1_62' title='bbox 187 1001 272 1080; x_wconf 17' lang='lat' dir='ltr'><strong>ideo!</strong></span> <span class='ocrx_word' id='word_1_63' title='bbox 288 1010 462 1069; x_wconf 83' lang='lat' dir='ltr'><strong>excusatos</strong></span> <span class='ocrx_word' id='word_1_64' title='bbox 487 1020 564 1069; x_wconf 84' lang='lat' dir='ltr'><strong>esse</strong></span> <span class='ocrx_word' id='word_1_65' title='bbox 589 1000 805 1086; x_wconf 75' lang='lat' dir='ltr'><strong>donavimus,</strong></span> <span class='ocrx_word' id='word_1_66' title='bbox 832 1002 1009 1085; x_wconf 72' lang='lat' dir='ltr'><strong>quequae</strong></span> <span class='ocrx_word' id='word_1_67' title='bbox 1030 1003 1083 1068; x_wconf 79' lang='lat' dir='ltr'><strong>lea</strong></span> <span class='ocrx_word' id='word_1_68' title='bbox 1101 1005 1227 1070; x_wconf 82' lang='lat' dir='ltr'><strong>saeculi</strong></span> <span class='ocrx_word' id='word_1_69' title='bbox 1248 1005 1346 1068; x_wconf 78' lang='lat' dir='ltr'><strong>atiena</strong></span> 
     </span>
     <span class='ocr_line' id='line_1_10' title="bbox 186 1085 1347 1173; baseline 0.006 -23"><span class='ocrx_word' id='word_1_70' title='bbox 186 1087 324 1173; x_wconf 75' lang='lat' dir='ltr'><strong>paganis</strong></span> <span class='ocrx_word' id='word_1_71' title='bbox 344 1085 563 1162; x_wconf 86' lang='lat' dir='ltr'><strong>sacerdotibus</strong></span> <span class='ocrx_word' id='word_1_72' title='bbox 581 1096 617 1154; x_wconf 84' lang='lat' dir='ltr'><strong>et</strong></span> <span class='ocrx_word' id='word_1_73' title='bbox 637 1087 787 1158; x_wconf 81' lang='lat' dir='ltr'><strong>muristris</strong></span> <span class='ocrx_word' id='word_1_74' title='bbox 807 1096 882 1152; x_wconf 85' lang='lat' dir='ltr'><strong>anta</strong></span> <span class='ocrx_word' id='word_1_75' title='bbox 903 1089 1123 1172; x_wconf 74' lang='lat' dir='ltr'><strong>praestiterat,</strong></span> <span class='ocrx_word' id='word_1_76' title='bbox 1145 1087 1272 1171; x_wconf 67' lang='lat' dir='ltr'><strong>justum</strong></span> <span class='ocrx_word' id='word_1_77' title='bbox 1292 1097 1347 1156; x_wconf 81' lang='lat' dir='ltr'><strong>est</strong></span> 
     </span>
     <span class='ocr_line' id='line_1_11' title="bbox 187 1173 1106 1260; baseline -0.003 -20"><span class='ocrx_word' id='word_1_78' title='bbox 187 1183 224 1242; x_wconf 88' lang='lat' dir='ltr'><strong>ut</strong></span> <span class='ocrx_word' id='word_1_79' title='bbox 244 1191 323 1260; x_wconf 79' lang='lat' dir='ltr'><strong>erga</strong></span> <span class='ocrx_word' id='word_1_80' title='bbox 343 1173 543 1254; x_wconf 66' lang='grc' dir='ltr'><strong>ΟΙιήειὶᾳιιοε</strong></span> <span class='ocrx_word' id='word_1_81' title='bbox 561 1174 743 1258; x_wconf 71' lang='lat' dir='ltr'><strong>specialiter</strong></span> <span class='ocrx_word' id='word_1_82' title='bbox 762 1182 976 1251; x_wconf 77' lang='lat' dir='ltr'><strong>cunseryetur.</strong></span> <span class='ocrx_word' id='word_1_83' title='bbox 1021 1223 1026 1234; x_wconf 94' lang='lat'><em>.</em></span> <span class='ocrx_word' id='word_1_84' title='bbox 1104 1221 1106 1228; x_wconf 88' lang='lat'><em>.</em></span> 
     </span>
    </p>
   </div>
   <div class='ocr_carea' id='block_1_3' title="bbox 186 1269 1345 1618">
    <p class='ocr_par' dir='ltr' id='par_1_3' title="bbox 186 1269 1344 1362">
     <span class='ocr_line' id='line_1_12' title="bbox 186 1269 1344 1362; baseline -0.002 -18"><span class='ocrx_word' id='word_1_85' title='bbox 186 1275 275 1344; x_wconf 85' lang='lat' dir='ltr'>XIV.</span> <span class='ocrx_word' id='word_1_86' title='bbox 307 1273 351 1340; x_wconf 83' lang='lat' dir='ltr'><strong>Ut</strong></span> <span class='ocrx_word' id='word_1_87' title='bbox 372 1296 453 1362; x_wconf 82' lang='lat' dir='ltr'><strong>puae</strong></span> <span class='ocrx_word' id='word_1_88' title='bbox 473 1277 544 1362; x_wconf 75' lang='lat' dir='ltr'><strong>peis</strong></span> <span class='ocrx_word' id='word_1_89' title='bbox 564 1274 717 1341; x_wconf 82' lang='lat' dir='ltr'><strong>eeclesiae</strong></span> <span class='ocrx_word' id='word_1_90' title='bbox 736 1275 903 1360; x_wconf 74' lang='lat' dir='ltr'><strong>reliquerit</strong></span> <span class='ocrx_word' id='word_1_91' title='bbox 922 1275 1073 1342; x_wconf 74' lang='lat' dir='ltr'><strong>haeredes</strong></span> <span class='ocrx_word' id='word_1_92' title='bbox 1093 1295 1157 1340; x_wconf 83' lang='lat' dir='ltr'><strong>non</strong></span> <span class='ocrx_word' id='word_1_93' title='bbox 1177 1269 1344 1360; x_wconf 70' lang='lat' dir='ltr'><strong>auferent.</strong></span> 
     </span>
    </p>

    <p class='ocr_par' dir='ltr' id='par_1_4' title="bbox 186 1357 1345 1618">
     <span class='ocr_line' id='line_1_13' title="bbox 232 1357 1345 1444; baseline 0.002 -22"><span class='ocrx_word' id='word_1_94' title='bbox 232 1361 243 1424; x_wconf 85' lang='grc'><strong>“.</strong></span> <span class='ocrx_word' id='word_1_95' title='bbox 273 1357 501 1443; x_wconf 78' lang='lat' dir='ltr'><strong>Quaecumque</strong></span> <span class='ocrx_word' id='word_1_96' title='bbox 528 1361 674 1424; x_wconf 88' lang='lat' dir='ltr'><strong>ecclesiis</strong></span> <span class='ocrx_word' id='word_1_97' title='bbox 695 1369 750 1424; x_wconf 87' lang='lat' dir='ltr'><strong>aut</strong></span> <span class='ocrx_word' id='word_1_98' title='bbox 770 1359 970 1442; x_wconf 86' lang='lat' dir='ltr'><strong>pontificibus</strong></span> <span class='ocrx_word' id='word_1_99' title='bbox 984 1361 1037 1442; x_wconf 79' lang='lat'><strong>²),</strong></span> <span class='ocrx_word' id='word_1_100' title='bbox 1066 1363 1124 1427; x_wconf 83' lang='lat' dir='ltr'><strong>sub</strong></span> <span class='ocrx_word' id='word_1_101' title='bbox 1145 1364 1345 1444; x_wconf 81' lang='lat' dir='ltr'><strong>competenti</strong></span> 
     </span>
     <span class='ocr_line' id='line_1_14' title="bbox 186 1441 1345 1533; baseline 0.002 -23"><span class='ocrx_word' id='word_1_102' title='bbox 186 1463 227 1510; x_wconf 88' lang='lat' dir='ltr'><strong>ac</strong></span> <span class='ocrx_word' id='word_1_103' title='bbox 252 1441 341 1528; x_wconf 74' lang='lat' dir='ltr'><strong>justo</strong></span> <span class='ocrx_word' id='word_1_104' title='bbox 365 1444 555 1510; x_wconf 86' lang='lat' dir='ltr'><strong>documento</strong></span> <span class='ocrx_word' id='word_1_105' title='bbox 581 1445 695 1508; x_wconf 83' lang='lat' dir='ltr'><strong>fuerint</strong></span> <span class='ocrx_word' id='word_1_106' title='bbox 718 1445 885 1530; x_wconf 86' lang='lat' dir='ltr'><strong>derelicta,</strong></span> <span class='ocrx_word' id='word_1_107' title='bbox 912 1447 952 1512; x_wconf 87' lang='lat' dir='ltr'><strong>ab</strong></span> <span class='ocrx_word' id='word_1_108' title='bbox 978 1444 1166 1514; x_wconf 87' lang='lat' dir='ltr'><strong>haeredibus</strong></span> <span class='ocrx_word' id='word_1_109' title='bbox 1191 1447 1345 1533; x_wconf 84' lang='lat' dir='ltr'><strong>legitimis</strong></span> 
     </span>
     <span class='ocr_line' id='line_1_15' title="bbox 186 1529 1191 1618; baseline 0 -21"><span class='ocrx_word' id='word_1_110' title='bbox 186 1529 315 1618; x_wconf 80' lang='lat' dir='ltr'><strong>dignun</strong></span> <span class='ocrx_word' id='word_1_111' title='bbox 336 1537 403 1613; x_wconf 86' lang='lat' dir='ltr'><strong>est,</strong></span> <span class='ocrx_word' id='word_1_112' title='bbox 424 1539 460 1594; x_wconf 93' lang='lat' dir='ltr'><strong>ut</strong></span> <span class='ocrx_word' id='word_1_113' title='bbox 481 1529 533 1594; x_wconf 87' lang='lat' dir='ltr'><strong>dei</strong></span> <span class='ocrx_word' id='word_1_114' title='bbox 555 1532 818 1614; x_wconf 87' lang='lat' dir='ltr'><strong>contemplatione</strong></span> <span class='ocrx_word' id='word_1_115' title='bbox 839 1540 1014 1598; x_wconf 85' lang='lat' dir='ltr'><strong>serventur.</strong></span> <span class='ocrx_word' id='word_1_116' title='bbox 1184 1539 1191 1554; x_wconf 86' lang='lat'><em>&#39;</em></span> 
     </span>
    </p>
   </div>
   <div class='ocr_carea' id='block_1_4' title="bbox 183 1629 1346 2316">
    <p class='ocr_par' dir='ltr' id='par_1_5' title="bbox 307 1629 1216 1718">
     <span class='ocr_line' id='line_1_16' title="bbox 307 1629 1216 1718; baseline 0.003 -22"><span class='ocrx_word' id='word_1_117' title='bbox 307 1631 381 1718; x_wconf 78' lang='lat' dir='ltr'><strong>XV.</strong></span> <span class='ocrx_word' id='word_1_118' title='bbox 402 1629 455 1698; x_wconf 81' lang='lat' dir='ltr'><strong>De</strong></span> <span class='ocrx_word' id='word_1_119' title='bbox 468 1633 512 1698; x_wconf 81' lang='lat' dir='ltr'><strong>iia</strong></span> <span class='ocrx_word' id='word_1_120' title='bbox 527 1635 582 1718; x_wconf 85' lang='lat' dir='ltr'><strong>qui</strong></span> <span class='ocrx_word' id='word_1_121' title='bbox 589 1640 667 1718; x_wconf 79' lang='lat' dir='ltr'><strong>post</strong></span> <span class='ocrx_word' id='word_1_122' title='bbox 681 1632 870 1718; x_wconf 79' lang='lat' dir='ltr'><strong>baptismum</strong></span> <span class='ocrx_word' id='word_1_123' title='bbox 885 1636 1057 1702; x_wconf 62' lang='lat' dir='ltr'><strong>masclatis</strong></span> <span class='ocrx_word' id='word_1_124' title='bbox 1071 1641 1216 1700; x_wconf 67' lang='lat' dir='ltr'><strong>utamur.</strong></span> 
     </span>
    </p>

    <p class='ocr_par' dir='ltr' id='par_1_6' title="bbox 183 1715 1346 2144">
     <span class='ocr_line' id='line_1_17' title="bbox 272 1715 1346 1803; baseline 0 -19"><span class='ocrx_word' id='word_1_125' title='bbox 272 1715 311 1784; x_wconf 85' lang='lat' dir='ltr'><strong>Si</strong></span> <span class='ocrx_word' id='word_1_126' title='bbox 331 1718 403 1802; x_wconf 90' lang='lat' dir='ltr'><strong>quis</strong></span> <span class='ocrx_word' id='word_1_127' title='bbox 423 1719 684 1802; x_wconf 35' lang='lat' dir='ltr'><strong>postracceptun&#39;r</strong></span> <span class='ocrx_word' id='word_1_128' title='bbox 704 1720 853 1803; x_wconf 84' lang='lat' dir='ltr'><strong>baptismi</strong></span> <span class='ocrx_word' id='word_1_129' title='bbox 869 1731 1099 1785; x_wconf 88' lang='lat' dir='ltr'><strong>sacramentum</strong></span> <span class='ocrx_word' id='word_1_130' title='bbox 1119 1719 1160 1786; x_wconf 87' lang='lat' dir='ltr'><strong>od</strong></span> <span class='ocrx_word' id='word_1_131' title='bbox 1180 1717 1346 1786; x_wconf 84' lang='lat' dir='ltr'><strong>immolata</strong></span> 
     </span>
     <span class='ocr_line' id='line_1_18' title="bbox 187 1799 1344 1890; baseline -0.002 -20"><span class='ocrx_word' id='word_1_132' title='bbox 187 1799 392 1870; x_wconf 81' lang='lat' dir='ltr'><strong>daemonibus</strong></span> <span class='ocrx_word' id='word_1_133' title='bbox 413 1804 566 1868; x_wconf 85' lang='lat' dir='ltr'><strong>sumenda</strong></span> <span class='ocrx_word' id='word_1_134' title='bbox 586 1814 735 1887; x_wconf 84' lang='lat' dir='ltr'><strong>tanquam</strong></span> <span class='ocrx_word' id='word_1_135' title='bbox 757 1805 797 1869; x_wconf 88' lang='lat' dir='ltr'><strong>ad</strong></span> <span class='ocrx_word' id='word_1_136' title='bbox 818 1806 968 1869; x_wconf 90' lang='lat' dir='ltr'><strong>vomitum</strong></span> <span class='ocrx_word' id='word_1_137' title='bbox 990 1807 1173 1890; x_wconf 81' lang='lat' dir='ltr'><strong>revertitur,</strong></span> <span class='ocrx_word' id='word_1_138' title='bbox 1200 1805 1232 1869; x_wconf 91' lang='lat' dir='ltr'><strong>si</strong></span> <span class='ocrx_word' id='word_1_139' title='bbox 1253 1825 1344 1870; x_wconf 90' lang='lat' dir='ltr'><strong>com-</strong></span> 
     </span>
     <span class='ocr_line' id='line_1_19' title="bbox 186 1889 1345 1976; baseline -0.003 -20"><span class='ocrx_word' id='word_1_140' title='bbox 186 1893 325 1976; x_wconf 81' lang='lat' dir='ltr'><strong>monitus</strong></span> <span class='ocrx_word' id='word_1_141' title='bbox 345 1909 366 1954; x_wconf 87' lang='lat' dir='ltr'><strong>a</strong></span> <span class='ocrx_word' id='word_1_142' title='bbox 385 1889 603 1972; x_wconf 77' lang='lat' dir='ltr'><strong>sacerdotibus</strong></span> <span class='ocrx_word' id='word_1_143' title='bbox 631 1910 672 1954; x_wconf 86' lang='lat' dir='ltr'><strong>ex</strong></span> <span class='ocrx_word' id='word_1_144' title='bbox 700 1891 762 1956; x_wconf 85' lang='lat' dir='ltr'><strong>bec</strong></span> <span class='ocrx_word' id='word_1_145' title='bbox 788 1893 1056 1976; x_wconf 84' lang='lat' dir='ltr'><strong>praevaricatione</strong></span> <span class='ocrx_word' id='word_1_146' title='bbox 1076 1911 1113 1955; x_wconf 90' lang='lat' dir='ltr'><strong>se</strong></span> <span class='ocrx_word' id='word_1_147' title='bbox 1134 1893 1273 1954; x_wconf 86' lang='lat' dir='ltr'><strong>uoluerit</strong></span> <span class='ocrx_word' id='word_1_148' title='bbox 1291 1911 1345 1954; x_wconf 86' lang='lat' dir='ltr'><strong>re-</strong></span> 
     </span>
     <span class='ocr_line' id='line_1_20' title="bbox 186 1974 1345 2064; baseline 0 -24"><span class='ocrx_word' id='word_1_149' title='bbox 186 1995 305 2041; x_wconf 88' lang='lat' dir='ltr'><strong>vocare</strong></span> <span class='ocrx_word' id='word_1_150' title='bbox 319 1975 373 2059; x_wconf 84' lang='lat'><strong>⁸),</strong></span> <span class='ocrx_word' id='word_1_151' title='bbox 401 1995 422 2042; x_wconf 87' lang='lat' dir='ltr'><strong>a</strong></span> <span class='ocrx_word' id='word_1_152' title='bbox 442 1977 660 2042; x_wconf 88' lang='lat' dir='ltr'><strong>commuuione</strong></span> <span class='ocrx_word' id='word_1_153' title='bbox 682 1977 840 2044; x_wconf 75' lang='lat' dir='ltr'><strong>catholieo</strong></span> <span class='ocrx_word' id='word_1_154' title='bbox 865 1997 922 2063; x_wconf 91' lang='lat' dir='ltr'><strong>pro</strong></span> <span class='ocrx_word' id='word_1_155' title='bbox 942 1977 1166 2042; x_wconf 68' lang='lat' dir='ltr'><strong>emendatione⁴</strong></span> <span class='ocrx_word' id='word_1_156' title='bbox 1180 1974 1345 2064; x_wconf 82' lang='lat' dir='ltr'><strong>sacrilegii</strong></span> 
     </span>
     <span class='ocr_line' id='line_1_21' title="bbox 183 2061 405 2144; baseline 0.005 -20"><span class='ocrx_word' id='word_1_157' title='bbox 183 2061 405 2144; x_wconf 83' lang='lat' dir='ltr'><strong>suspendatur.</strong></span> 
     </span>
    </p>

    <p class='ocr_par' dir='ltr' id='par_1_7' title="bbox 217 2161 1314 2316">
     <span class='ocr_line' id='line_1_22' title="bbox 217 2161 1314 2253; baseline -0.001 -24"><span class='ocrx_word' id='word_1_158' title='bbox 217 2161 308 2230; x_wconf 72' lang='lat' dir='ltr'><strong>va</strong></span> <span class='ocrx_word' id='word_1_159' title='bbox 340 2162 393 2230; x_wconf 83' lang='lat' dir='ltr'><strong>De</strong></span> <span class='ocrx_word' id='word_1_160' title='bbox 416 2161 609 2230; x_wconf 59' lang='lat' dir='ltr'><strong>Christianis</strong></span> <span class='ocrx_word' id='word_1_161' title='bbox 630 2169 687 2252; x_wconf 76' lang='lat' dir='ltr'><strong>pua·</strong></span> <span class='ocrx_word' id='word_1_162' title='bbox 706 2169 877 2250; x_wconf 81' lang='lat' dir='ltr'><strong>gentilium</strong></span> <span class='ocrx_word' id='word_1_163' title='bbox 896 2189 982 2234; x_wconf 87' lang='lat' dir='ltr'><strong>more</strong></span> <span class='ocrx_word' id='word_1_164' title='bbox 994 2169 1112 2253; x_wconf 82' lang='lat' dir='ltr'><strong>jurani</strong></span> <span class='ocrx_word' id='word_1_165' title='bbox 1133 2165 1180 2230; x_wconf 82' lang='lat' dir='ltr'><strong>ud</strong></span> <span class='ocrx_word' id='word_1_166' title='bbox 1199 2168 1314 2250; x_wconf 81' lang='lat' dir='ltr'><strong>cupite</strong></span> 
     </span>
     <span class='ocr_line' id='line_1_23' title="bbox 662 2254 859 2316; baseline 0.01 -2"><span class='ocrx_word' id='word_1_167' title='bbox 662 2254 859 2316; x_wconf 74' lang='lat' dir='ltr'><strong>animalium.</strong></span> 
     </span>
    </p>
   </div>
   <div class='ocr_carea' id='block_1_5' title="bbox 236 2323 1421 2422">
    <p class='ocr_par' dir='ltr' id='par_1_8' title="bbox 236 2323 1421 2422">
     <span class='ocr_line' id='line_1_24' title="bbox 236 2323 1421 2422; baseline -0.003 -24"><span class='ocrx_word' id='word_1_168' title='bbox 236 2337 246 2344; x_wconf 75' lang='lat'><strong>&#39;&#39;</strong></span> <span class='ocrx_word' id='word_1_169' title='bbox 270 2331 308 2398; x_wconf 87' lang='lat' dir='ltr'><strong>Si</strong></span> <span class='ocrx_word' id='word_1_170' title='bbox 329 2334 399 2420; x_wconf 83' lang='lat' dir='ltr'><strong>quis</strong></span> <span class='ocrx_word' id='word_1_171' title='bbox 419 2323 618 2399; x_wconf 68' lang='lat' dir='ltr'><strong>Christianus</strong></span> <span class='ocrx_word' id='word_1_172' title='bbox 641 2343 680 2398; x_wconf 86' lang='lat' dir='ltr'><strong>ut</strong></span> <span class='ocrx_word' id='word_1_173' title='bbox 706 2347 758 2422; x_wconf 75' lang='lat' dir='ltr'><strong>est</strong></span> <span class='ocrx_word' id='word_1_174' title='bbox 777 2337 941 2422; x_wconf 81' lang='lat' dir='ltr'><strong>gentilium</strong></span> <span class='ocrx_word' id='word_1_175' title='bbox 963 2335 1161 2400; x_wconf 88' lang='lat' dir='ltr'><strong>cousuetudo</strong></span> <span class='ocrx_word' id='word_1_176' title='bbox 1183 2333 1223 2400; x_wconf 81' lang='lat' dir='ltr'><strong>orl</strong></span> <span class='ocrx_word' id='word_1_177' title='bbox 1240 2344 1340 2414; x_wconf 85' lang='lat' dir='ltr'><strong>capnt</strong></span> <span class='ocrx_word' id='word_1_178' title='bbox 1420 2387 1421 2394; x_wconf 71' lang='grc'>,</span> 
     </span>
    </p>
   </div>
   <div class='ocr_carea' id='block_1_6' title="bbox 184 2415 1342 2763">
    <p class='ocr_par' dir='ltr' id='par_1_9' title="bbox 184 2415 1342 2763">
     <span class='ocr_line' id='line_1_25' title="bbox 185 2415 1338 2506; baseline -0.002 -21"><span class='ocrx_word' id='word_1_179' title='bbox 185 2415 412 2506; x_wconf 82' lang='lat' dir='ltr'><strong>cujuscunque</strong></span> <span class='ocrx_word' id='word_1_180' title='bbox 441 2421 527 2485; x_wconf 88' lang='lat' dir='ltr'><strong>ferae</strong></span> <span class='ocrx_word' id='word_1_181' title='bbox 556 2419 610 2483; x_wconf 88' lang='lat' dir='ltr'><strong>vel</strong></span> <span class='ocrx_word' id='word_1_182' title='bbox 637 2422 793 2505; x_wconf 85' lang='lat' dir='ltr'><strong>pecudis,</strong></span> <span class='ocrx_word' id='word_1_183' title='bbox 828 2423 985 2487; x_wconf 89' lang='lat' dir='ltr'><strong>invocatis</strong></span> <span class='ocrx_word' id='word_1_184' title='bbox 1012 2420 1140 2504; x_wconf 79' lang='lat' dir='ltr'><strong>insuper</strong></span> <span class='ocrx_word' id='word_1_185' title='bbox 1166 2419 1338 2484; x_wconf 87' lang='lat' dir='ltr'><strong>nominibus</strong></span> 
     </span>
     <span class='ocr_line' id='line_1_26' title="bbox 184 2505 1342 2598; baseline -0.002 -28"><span class='ocrx_word' id='word_1_186' title='bbox 184 2521 388 2591; x_wconf 82' lang='lat' dir='ltr'><strong>paganorum,</strong></span> <span class='ocrx_word' id='word_1_187' title='bbox 410 2507 547 2572; x_wconf 75' lang='lat' dir='ltr'><strong>fumasse</strong></span> <span class='ocrx_word' id='word_1_188' title='bbox 564 2505 731 2590; x_wconf 82' lang='lat' dir='ltr'><strong>juraverit,</strong></span> <span class='ocrx_word' id='word_1_189' title='bbox 753 2507 782 2572; x_wconf 89' lang='lat' dir='ltr'><strong>si</strong></span> <span class='ocrx_word' id='word_1_190' title='bbox 802 2510 900 2582; x_wconf 79' lang='lat' dir='ltr'><strong>se,ab</strong></span> <span class='ocrx_word' id='word_1_191' title='bbox 923 2509 984 2573; x_wconf 90' lang='lat' dir='ltr'><strong>hac</strong></span> <span class='ocrx_word' id='word_1_192' title='bbox 1005 2507 1231 2598; x_wconf 79' lang='lat' dir='ltr'><strong>superstitionp</strong></span> <span class='ocrx_word' id='word_1_193' title='bbox 1250 2525 1342 2570; x_wconf 90' lang='lat' dir='ltr'><strong>com-</strong></span> 
     </span>
     <span class='ocr_line' id='line_1_27' title="bbox 184 2592 1342 2676; baseline -0.003 -19"><span class='ocrx_word' id='word_1_194' title='bbox 184 2594 323 2658; x_wconf 90' lang='lat' dir='ltr'><strong>monitus</strong></span> <span class='ocrx_word' id='word_1_195' title='bbox 343 2593 478 2657; x_wconf 90' lang='lat' dir='ltr'><strong>noluerit</strong></span> <span class='ocrx_word' id='word_1_196' title='bbox 499 2593 664 2676; x_wconf 81' lang='lat' dir='ltr'><strong>cohibere,</strong></span> <span class='ocrx_word' id='word_1_197' title='bbox 694 2592 795 2659; x_wconf 88' lang='lat' dir='ltr'><strong>donec</strong></span> <span class='ocrx_word' id='word_1_198' title='bbox 822 2604 942 2658; x_wconf 89' lang='lat' dir='ltr'><strong>reatum</strong></span> <span class='ocrx_word' id='word_1_199' title='bbox 971 2593 1118 2658; x_wconf 86' lang='lat' dir='ltr'><strong>emendet</strong></span> <span class='ocrx_word' id='word_1_200' title='bbox 1139 2611 1159 2658; x_wconf 82' lang='lat' dir='ltr'><strong>e</strong></span> <span class='ocrx_word' id='word_1_201' title='bbox 1180 2592 1342 2660; x_wconf 86' lang='lat' dir='ltr'><strong>consortio</strong></span> 
     </span>
     <span class='ocr_line' id='line_1_28' title="bbox 184 2677 974 2763; baseline 0 -19"><span class='ocrx_word' id='word_1_202' title='bbox 184 2679 322 2744; x_wconf 78' lang='lat' dir='ltr'><strong>bdelium</strong></span> <span class='ocrx_word' id='word_1_203' title='bbox 341 2678 395 2743; x_wconf 84' lang='lat' dir='ltr'><strong>vel</strong></span> <span class='ocrx_word' id='word_1_204' title='bbox 416 2677 575 2742; x_wconf 83' lang='lat' dir='ltr'><strong>ecclesiae</strong></span> <span class='ocrx_word' id='word_1_205' title='bbox 591 2677 812 2742; x_wconf 87' lang='lat' dir='ltr'><strong>&#39;communione</strong></span> <span class='ocrx_word' id='word_1_206' title='bbox 833 2682 974 2763; x_wconf 88' lang='lat' dir='ltr'><strong>pellatur.</strong></span> 
     </span>
    </p>
   </div>
   <div class='ocr_carea' id='block_1_7' title="bbox 225 2750 1421 2852">
    <p class='ocr_par' dir='ltr' id='par_1_10' title="bbox 225 2750 1421 2852">
     <span class='ocr_line' id='line_1_29' title="bbox 225 2750 1421 2852; baseline -0.002 -6"><span class='ocrx_word' id='word_1_207' title='bbox 225 2778 329 2848; x_wconf 82' lang='lat' dir='ltr'><strong>xvir.</strong></span> <span class='ocrx_word' id='word_1_208' title='bbox 369 2779 612 2844; x_wconf 72' lang='lat' dir='ltr'><strong>rst‘aacrrdorea</strong></span> <span class='ocrx_word' id='word_1_209' title='bbox 633 2787 667 2842; x_wconf 89' lang='lat' dir='ltr'><strong>et</strong></span> <span class='ocrx_word' id='word_1_210' title='bbox 687 2782 820 2843; x_wconf 84' lang='lat' dir='ltr'><strong>diaconi</strong></span> <span class='ocrx_word' id='word_1_211' title='bbox 840 2802 911 2845; x_wconf 87' lang='lat' dir='ltr'><strong>cum</strong></span> <span class='ocrx_word' id='word_1_212' title='bbox 931 2781 1081 2844; x_wconf 75' lang='lat' dir='ltr'><strong>arorites</strong></span> <span class='ocrx_word' id='word_1_213' title='bbox 1103 2750 1300 2852; x_wconf 74' lang='lat' dir='ltr'><strong>communem</strong></span> <span class='ocrx_word' id='word_1_214' title='bbox 1420 2841 1421 2844; x_wconf 74' lang='grc'>,</span> 
     </span>
    </p>
   </div>
   <div class='ocr_carea' id='block_1_8' title="bbox 149 2864 1342 3122">
    <p class='ocr_par' dir='ltr' id='par_1_11' title="bbox 149 2864 1342 3122">
     <span class='ocr_line' id='line_1_30' title="bbox 447 2864 1063 2942; baseline 0.006 -16"><span class='ocrx_word' id='word_1_215' title='bbox 447 2864 563 2929; x_wconf 82' lang='lat' dir='ltr'><strong>lectum</strong></span> <span class='ocrx_word' id='word_1_216' title='bbox 584 2873 642 2928; x_wconf 83' lang='lat' dir='ltr'><strong>cut</strong></span> <span class='ocrx_word' id='word_1_217' title='bbox 663 2865 807 2929; x_wconf 85' lang='lat' dir='ltr'><strong>cellulum</strong></span> <span class='ocrx_word' id='word_1_218' title='bbox 828 2887 892 2930; x_wconf 80' lang='lat' dir='ltr'><strong>nort</strong></span> <span class='ocrx_word' id='word_1_219' title='bbox 913 2867 1063 2942; x_wconf 78' lang='lat' dir='ltr'><strong>babeant.</strong></span> 
     </span>
     <span class='ocr_line' id='line_1_31' title="bbox 149 2947 1342 3036; baseline -0.003 -20"><span class='ocrx_word' id='word_1_220' title='bbox 149 2997 156 3007; x_wconf 82' lang='grc'>-</span> <span class='ocrx_word' id='word_1_221' title='bbox 248 2949 312 3016; x_wconf 81' lang='lat' dir='ltr'><strong>-rJt</strong></span> <span class='ocrx_word' id='word_1_222' title='bbox 340 2951 526 3015; x_wconf 82' lang='lat' dir='ltr'><strong>sacerdotes</strong></span> <span class='ocrx_word' id='word_1_223' title='bbox 544 2951 626 3014; x_wconf 84' lang='lat' dir='ltr'><strong>&#39;sive</strong></span> <span class='ocrx_word' id='word_1_224' title='bbox 655 2951 777 3016; x_wconf 85' lang='lat' dir='ltr'><strong>diaconi</strong></span> <span class='ocrx_word' id='word_1_225' title='bbox 804 2955 876 3016; x_wconf 84' lang='lat' dir='ltr'><strong>cum&#39;</strong></span> <span class='ocrx_word' id='word_1_226' title='bbox 897 2952 1084 3036; x_wconf 79' lang='lat' dir='ltr'><strong>conjugibus</strong></span> <span class='ocrx_word' id='word_1_227' title='bbox 1104 2953 1171 3015; x_wconf 85' lang='lat' dir='ltr'><strong>suis</strong></span> <span class='ocrx_word' id='word_1_228' title='bbox 1191 2969 1255 3014; x_wconf 87' lang='lat' dir='ltr'><strong>non</strong></span> <span class='ocrx_word' id='word_1_229' title='bbox 1278 2947 1342 3012; x_wconf 87' lang='lat' dir='ltr'><strong>ha-</strong></span> 
     </span>
     <span class='ocr_line' id='line_1_32' title="bbox 183 3035 1340 3122; baseline -0.001 -24"><span class='ocrx_word' id='word_1_230' title='bbox 183 3035 280 3099; x_wconf 83' lang='lat' dir='ltr'><strong>beant</strong></span> <span class='ocrx_word' id='word_1_231' title='bbox 308 3056 504 3099; x_wconf 88' lang='lat' dir='ltr'><strong>commnnem</strong></span> <span class='ocrx_word' id='word_1_232' title='bbox 529 3037 648 3100; x_wconf 88' lang='lat' dir='ltr'><strong>lectum</strong></span> <span class='ocrx_word' id='word_1_233' title='bbox 676 3043 711 3100; x_wconf 89' lang='lat' dir='ltr'><strong>et</strong></span> <span class='ocrx_word' id='word_1_234' title='bbox 732 3039 891 3121; x_wconf 87' lang='lat' dir='ltr'><strong>cellulam,</strong></span> <span class='ocrx_word' id='word_1_235' title='bbox 917 3059 959 3102; x_wconf 90' lang='lat' dir='ltr'><strong>ne</strong></span> <span class='ocrx_word' id='word_1_236' title='bbox 979 3046 1106 3122; x_wconf 88' lang='lat' dir='ltr'><strong>propter</strong></span> <span class='ocrx_word' id='word_1_237' title='bbox 1126 3038 1340 3120; x_wconf 84' lang='lat' dir='ltr'><strong>suspicionem</strong></span> 
     </span>
    </p>
   </div>
   <div class='ocr_carea' id='block_1_9' title="bbox 182 3120 1421 3210">
    <p class='ocr_par' dir='ltr' id='par_1_12' title="bbox 182 3120 1421 3210">
     <span class='ocr_line' id='line_1_33' title="bbox 182 3120 1421 3210; baseline -0.002 -24"><span class='ocrx_word' id='word_1_238' title='bbox 182 3120 317 3186; x_wconf 89' lang='lat' dir='ltr'><strong>carnalis</strong></span> <span class='ocrx_word' id='word_1_239' title='bbox 343 3121 499 3184; x_wconf 86' lang='lat' dir='ltr'><strong>consortii‘</strong></span> <span class='ocrx_word' id='word_1_240' title='bbox 519 3122 629 3202; x_wconf 85' lang='lat' dir='ltr'><strong>religio</strong></span> <span class='ocrx_word' id='word_1_241' title='bbox 658 3123 849 3188; x_wconf 84' lang='lat' dir='ltr'><strong>maculetur:</strong></span> <span class='ocrx_word' id='word_1_242' title='bbox 881 3123 965 3208; x_wconf 88' lang='lat' dir='ltr'><strong>quod</strong></span> <span class='ocrx_word' id='word_1_243' title='bbox 987 3121 1040 3210; x_wconf 91' lang='lat' dir='ltr'><strong>qni</strong></span> <span class='ocrx_word' id='word_1_244' title='bbox 1060 3123 1214 3206; x_wconf 87' lang='lat' dir='ltr'><strong>feceriut,</strong></span> <span class='ocrx_word' id='word_1_245' title='bbox 1243 3121 1339 3204; x_wconf 86' lang='lat' dir='ltr'><strong>juxta</strong></span> <span class='ocrx_word' id='word_1_246' title='bbox 1420 3155 1421 3202; x_wconf 53' lang='lat' dir='ltr'><strong>p</strong></span> 
     </span>
    </p>
   </div>
   <div class='ocr_carea' id='block_1_10' title="bbox 181 3205 885 3289">
    <p class='ocr_par' dir='ltr' id='par_1_13' title="bbox 181 3205 885 3289">
     <span class='ocr_line' id='line_1_34' title="bbox 181 3205 885 3289; baseline 0.006 -20"><span class='ocrx_word' id='word_1_247' title='bbox 181 3206 304 3288; x_wconf 85' lang='lat' dir='ltr'><strong>priscos</strong></span> <span class='ocrx_word' id='word_1_248' title='bbox 324 3223 465 3270; x_wconf 86' lang='lat' dir='ltr'><strong>canones</strong></span> <span class='ocrx_word' id='word_1_249' title='bbox 486 3205 526 3268; x_wconf 87' lang='lat' dir='ltr'><strong>ab</strong></span> <span class='ocrx_word' id='word_1_250' title='bbox 548 3206 652 3270; x_wconf 84' lang='lat' dir='ltr'><strong>cilicio</strong></span> <span class='ocrx_word' id='word_1_251' title='bbox 673 3208 885 3289; x_wconf 78' lang='lat' dir='ltr'><strong>regradantur.</strong></span> 
     </span>
    </p>
   </div>
   <div class='ocr_carea' id='block_1_11' title="bbox 195 3261 1421 3394">
    <p class='ocr_par' dir='ltr' id='par_1_14' title="bbox 195 3261 1421 3394">
     <span class='ocr_line' id='line_1_35' title="bbox 195 3261 1421 3394; baseline -0.002 -19"><span class='ocrx_word' id='word_1_252' title='bbox 195 3307 315 3375; x_wconf 84' lang='lat' dir='ltr'><strong>xvtlt.</strong></span> <span class='ocrx_word' id='word_1_253' title='bbox 341 3305 386 3372; x_wconf 82' lang='lat' dir='ltr'><strong>Ut</strong></span> <span class='ocrx_word' id='word_1_254' title='bbox 407 3309 518 3374; x_wconf 76' lang='lat' dir='ltr'><strong>clerici</strong></span> <span class='ocrx_word' id='word_1_255' title='bbox 537 3328 601 3374; x_wconf 79' lang='lat' dir='ltr'><strong>uon</strong></span> <span class='ocrx_word' id='word_1_256' title='bbox 621 3307 765 3373; x_wconf 79' lang='lat' dir='ltr'><strong>alienent</strong></span> <span class='ocrx_word' id='word_1_257' title='bbox 786 3333 868 3394; x_wconf 84' lang='lat' dir='ltr'><strong>quae</strong></span> <span class='ocrx_word' id='word_1_258' title='bbox 889 3311 929 3376; x_wconf 83' lang='lat' dir='ltr'><strong>ab</strong></span> <span class='ocrx_word' id='word_1_259' title='bbox 951 3312 1085 3377; x_wconf 81' lang='lat' dir='ltr'><strong>ecclesie</strong></span> <span class='ocrx_word' id='word_1_260' title='bbox 1106 3308 1152 3374; x_wconf 83' lang='lat' dir='ltr'><strong>cd</strong></span> <span class='ocrx_word' id='word_1_261' title='bbox 1170 3307 1324 3373; x_wconf 75' lang='lat' dir='ltr'><strong>utendm</strong></span> <span class='ocrx_word' id='word_1_262' title='bbox 1420 3261 1421 3302; x_wconf 17' lang='grc' dir='ltr'>ἶ</span> 
     </span>
    </p>
   </div>
   <div class='ocr_carea' id='block_1_12' title="bbox 542 3398 1243 3478">
    <p class='ocr_par' dir='ltr' id='par_1_15' title="bbox 542 3398 1243 3478">
     <span class='ocr_line' id='line_1_36' title="bbox 542 3398 1243 3478; baseline 0.014 -22"><span class='ocrx_word' id='word_1_263' title='bbox 542 3415 544 3420; x_wconf 95' lang='grc'><strong><em>·</em></strong></span> <span class='ocrx_word' id='word_1_264' title='bbox 621 3415 623 3420; x_wconf 93' lang='grc'><strong><em>·</em></strong></span> <span class='ocrx_word' id='word_1_265' title='bbox 669 3398 843 3478; x_wconf 74' lang='lat' dir='ltr'><strong>accipiunt.</strong></span> <span class='ocrx_word' id='word_1_266' title='bbox 1240 3437 1243 3444; x_wconf 92' lang='lat'>·</span> 
     </span>
    </p>
   </div>
   <div class='ocr_carea' id='block_1_13' title="bbox 181 3443 1421 3652">
    <p class='ocr_par' dir='ltr' id='par_1_16' title="bbox 181 3443 1421 3652">
     <span class='ocr_line' id='line_1_37' title="bbox 241 3443 1421 3565; baseline -0.003 -23"><span class='ocrx_word' id='word_1_267' title='bbox 241 3443 245 3452; x_wconf 26' lang='grc' dir='ltr'>ι</span> <span class='ocrx_word' id='word_1_268' title='bbox 265 3477 462 3563; x_wconf 81' lang='lat' dir='ltr'><strong>Quicumque</strong></span> <span class='ocrx_word' id='word_1_269' title='bbox 484 3483 618 3546; x_wconf 87' lang='lat' dir='ltr'><strong>clericus</strong></span> <span class='ocrx_word' id='word_1_270' title='bbox 638 3482 756 3564; x_wconf 85' lang='lat' dir='ltr'><strong>aliquid</strong></span> <span class='ocrx_word' id='word_1_271' title='bbox 778 3481 818 3546; x_wconf 87' lang='lat' dir='ltr'><strong>da</strong></span> <span class='ocrx_word' id='word_1_272' title='bbox 834 3482 905 3565; x_wconf 89' lang='lat' dir='ltr'><strong>jure</strong></span> <span class='ocrx_word' id='word_1_273' title='bbox 924 3481 1146 3551; x_wconf 83' lang='lat' dir='ltr'><strong>eeclesiastico</strong></span> <span class='ocrx_word' id='word_1_274' title='bbox 1165 3499 1223 3544; x_wconf 88' lang='lat' dir='ltr'><strong>seu</strong></span> <span class='ocrx_word' id='word_1_275' title='bbox 1238 3481 1338 3542; x_wconf 88' lang='lat' dir='ltr'><strong>verbu</strong></span> <span class='ocrx_word' id='word_1_276' title='bbox 1420 3479 1421 3482; x_wconf 74' lang='grc'>’</span> 
     </span>
     <span class='ocr_line' id='line_1_38' title="bbox 181 3561 1421 3652; baseline 0.003 -24"><span class='ocrx_word' id='word_1_277' title='bbox 181 3580 242 3628; x_wconf 77' lang='lat' dir='ltr'><strong>seu</strong></span> <span class='ocrx_word' id='word_1_278' title='bbox 267 3585 326 3647; x_wconf 87' lang='lat' dir='ltr'><strong>per</strong></span> <span class='ocrx_word' id='word_1_279' title='bbox 349 3569 534 3648; x_wconf 84' lang='lat' dir='ltr'><strong>scripturam</strong></span> <span class='ocrx_word' id='word_1_280' title='bbox 561 3569 721 3649; x_wconf 83' lang='lat' dir='ltr'><strong>acceperit</strong></span> <span class='ocrx_word' id='word_1_281' title='bbox 739 3567 782 3631; x_wconf 81' lang='lat' dir='ltr'><strong>ad</strong></span> <span class='ocrx_word' id='word_1_282' title='bbox 802 3568 969 3652; x_wconf 89' lang='lat' dir='ltr'><strong>utendum,</strong></span> <span class='ocrx_word' id='word_1_283' title='bbox 1000 3577 1036 3630; x_wconf 88' lang='lat' dir='ltr'><strong>et</strong></span> <span class='ocrx_word' id='word_1_284' title='bbox 1054 3567 1259 3649; x_wconf 63' lang='lat' dir='ltr'><strong>postmodum*</strong></span> <span class='ocrx_word' id='word_1_285' title='bbox 1273 3567 1337 3629; x_wconf 83' lang='lat' dir='ltr'><strong>noc</strong></span> <span class='ocrx_word' id='word_1_286' title='bbox 1420 3561 1421 3632; x_wconf 63' lang='grc' dir='ltr'><strong>ἶ</strong></span> 
     </span>
    </p>
   </div>
   <div class='ocr_carea' id='block_1_14' title="bbox 82 3652 1421 3746">
    <p class='ocr_par' dir='ltr' id='par_1_17' title="bbox 82 3652 1421 3746">
     <span class='ocr_line' id='line_1_39' title="bbox 82 3652 1421 3746; baseline 0 -32"><span class='ocrx_word' id='word_1_287' title='bbox 82 3687 85 3698; x_wconf 87' lang='lat'><em>·</em></span> <span class='ocrx_word' id='word_1_288' title='bbox 181 3652 319 3714; x_wconf 83' lang='lat' dir='ltr'><strong>alienare</strong></span> <span class='ocrx_word' id='word_1_289' title='bbox 345 3669 543 3735; x_wconf 87' lang='lat' dir='ltr'><strong>quacumque</strong></span> <span class='ocrx_word' id='word_1_290' title='bbox 570 3653 691 3716; x_wconf 84' lang='lat' dir='ltr'><strong>ratione</strong></span> <span class='ocrx_word' id='word_1_291' title='bbox 719 3657 981 3740; x_wconf 77' lang='lat' dir='ltr'><strong>praesumpserit,</strong></span> <span class='ocrx_word' id='word_1_292' title='bbox 1010 3671 1072 3716; x_wconf 88' lang='lat' dir='ltr'><strong>non</strong></span> <span class='ocrx_word' id='word_1_293' title='bbox 1100 3653 1236 3732; x_wconf 80' lang='lat' dir='ltr'><strong>valebit,</strong></span> <span class='ocrx_word' id='word_1_294' title='bbox 1262 3653 1337 3732; x_wconf 87' lang='lat' dir='ltr'><strong>qnia</strong></span> <span class='ocrx_word' id='word_1_295' title='bbox 1420 3675 1421 3746; x_wconf 68' lang='lat' dir='ltr'><strong>l</strong></span> 
     </span>
    </p>
   </div>
   <div class='ocr_carea' id='block_1_15' title="bbox 182 3735 1421 3999">
    <p class='ocr_par' dir='ltr' id='par_1_18' title="bbox 182 3735 1421 3999">
     <span class='ocr_line' id='line_1_40' title="bbox 182 3735 1421 3822; baseline 0.002 -24"><span class='ocrx_word' id='word_1_296' title='bbox 182 3735 355 3799; x_wconf 87' lang='lat' dir='ltr'><strong>secundum</strong></span> <span class='ocrx_word' id='word_1_297' title='bbox 382 3757 535 3800; x_wconf 88' lang='lat' dir='ltr'><strong>canonum</strong></span> <span class='ocrx_word' id='word_1_298' title='bbox 564 3745 688 3801; x_wconf 85' lang='lat' dir='ltr'><strong>statuta</strong></span> <span class='ocrx_word' id='word_1_299' title='bbox 713 3738 933 3820; x_wconf 86' lang='lat' dir='ltr'><strong>proprietatem</strong></span> <span class='ocrx_word' id='word_1_300' title='bbox 960 3737 1118 3803; x_wconf 85' lang='lat' dir='ltr'><strong>ecclesiae</strong></span> <span class='ocrx_word' id='word_1_301' title='bbox 1146 3756 1207 3799; x_wconf 91' lang='lat' dir='ltr'><strong>non</strong></span> <span class='ocrx_word' id='word_1_302' title='bbox 1235 3738 1336 3800; x_wconf 85' lang='lat' dir='ltr'><strong>violat</strong></span> <span class='ocrx_word' id='word_1_303' title='bbox 1420 3767 1421 3822; x_wconf 23' lang='grc' dir='ltr'><strong>ᾗ</strong></span> 
     </span>
     <span class='ocr_line' id='line_1_41' title="bbox 182 3818 1421 3908; baseline 0.002 -26"><span class='ocrx_word' id='word_1_304' title='bbox 182 3818 216 3882; x_wconf 86' lang='lat' dir='ltr'><strong>in</strong></span> <span class='ocrx_word' id='word_1_305' title='bbox 236 3821 316 3883; x_wconf 85' lang='lat' dir='ltr'><strong>alios</strong></span> <span class='ocrx_word' id='word_1_306' title='bbox 342 3825 486 3904; x_wconf 84' lang='lat' dir='ltr'><strong>quamvis</strong></span> <span class='ocrx_word' id='word_1_307' title='bbox 512 3825 608 3906; x_wconf 84' lang='lat' dir='ltr'><strong>longa</strong></span> <span class='ocrx_word' id='word_1_308' title='bbox 634 3827 817 3908; x_wconf 82' lang='lat' dir='ltr'><strong>possessi03</strong></span> <span class='ocrx_word' id='word_1_309' title='bbox 845 3826 904 3888; x_wconf 89' lang='lat' dir='ltr'><strong>sed</strong></span> <span class='ocrx_word' id='word_1_310' title='bbox 932 3823 964 3886; x_wconf 91' lang='lat' dir='ltr'><strong>in</strong></span> <span class='ocrx_word' id='word_1_311' title='bbox 990 3823 1148 3906; x_wconf 82' lang='lat' dir='ltr'><strong>pontificis</strong></span> <span class='ocrx_word' id='word_1_312' title='bbox 1172 3831 1337 3904; x_wconf 83' lang='lat' dir='ltr'><strong>potestate</strong></span> <span class='ocrx_word' id='word_1_313' title='bbox 1420 3867 1421 3878; x_wconf 43' lang='lat' dir='ltr'><strong>r</strong></span> 
     </span>
     <span class='ocr_line' id='line_1_42' title="bbox 183 3905 1421 3999; baseline -0.002 -29"><span class='ocrx_word' id='word_1_314' title='bbox 183 3905 355 3985; x_wconf 64' lang='lat' dir='ltr'><strong>venustat,</strong></span> <span class='ocrx_word' id='word_1_315' title='bbox 376 3909 508 3988; x_wconf 87' lang='lat' dir='ltr'><strong>qualiter</strong></span> <span class='ocrx_word' id='word_1_316' title='bbox 528 3926 584 3991; x_wconf 85' lang='lat' dir='ltr'><strong>pro</strong></span> <span class='ocrx_word' id='word_1_317' title='bbox 604 3910 820 3972; x_wconf 85' lang='lat' dir='ltr'><strong>conservando</strong></span> <span class='ocrx_word' id='word_1_318' title='bbox 837 3909 907 3994; x_wconf 87' lang='lat' dir='ltr'><strong>jure</strong></span> <span class='ocrx_word' id='word_1_319' title='bbox 928 3906 1150 3999; x_wconf 82' lang='lat' dir='ltr'><strong>ecclesiastico</strong></span> <span class='ocrx_word' id='word_1_320' title='bbox 1170 3927 1236 3972; x_wconf 84' lang='lat' dir='ltr'><strong>rem</strong></span> <span class='ocrx_word' id='word_1_321' title='bbox 1257 3927 1338 3990; x_wconf 89' lang='lat' dir='ltr'><strong>pns-</strong></span> <span class='ocrx_word' id='word_1_322' title='bbox 1420 3951 1421 3968; x_wconf 60' lang='lat'><em>2</em></span> 
     </span>
    </p>
   </div>
   <div class='ocr_carea' id='block_1_16' title="bbox 183 3991 1004 4074">
    <p class='ocr_par' dir='ltr' id='par_1_19' title="bbox 183 3991 1004 4074">
     <span class='ocr_line' id='line_1_43' title="bbox 183 3991 1004 4074; baseline 0.002 -18"><span class='ocrx_word' id='word_1_323' title='bbox 183 4001 308 4056; x_wconf 67' lang='lat' dir='ltr'><strong>matam</strong></span> <span class='ocrx_word' id='word_1_324' title='bbox 330 3991 410 4055; x_wconf 86' lang='lat' dir='ltr'><strong>inter</strong></span> <span class='ocrx_word' id='word_1_325' title='bbox 430 3995 561 4056; x_wconf 86' lang='lat' dir='ltr'><strong>clericos</strong></span> <span class='ocrx_word' id='word_1_326' title='bbox 582 3991 698 4056; x_wconf 84' lang='lat' dir='ltr'><strong>debeat</strong></span> <span class='ocrx_word' id='word_1_327' title='bbox 718 3996 946 4059; x_wconf 78' lang='lat' dir='ltr'><strong>communicare</strong></span> <span class='ocrx_word' id='word_1_328' title='bbox 959 3994 1004 4074; x_wconf 76' lang='lat' dir='ltr'><strong>t),</strong></span> 
     </span>
    </p>
   </div>
   <div class='ocr_carea' id='block_1_17' title="bbox 223 4077 1370 4174">
    <p class='ocr_par' dir='ltr' id='par_1_20' title="bbox 223 4077 1370 4174">
     <span class='ocr_line' id='line_1_44' title="bbox 223 4077 1370 4174; baseline 0.002 -16"><span class='ocrx_word' id='word_1_329' title='bbox 223 4089 314 4158; x_wconf 81' lang='lat' dir='ltr'><strong>xlx.</strong></span> <span class='ocrx_word' id='word_1_330' title='bbox 358 4090 450 4174; x_wconf 71' lang='lat' dir='ltr'><strong>Quod</strong></span> <span class='ocrx_word' id='word_1_331' title='bbox 478 4095 632 4160; x_wconf 81' lang='lat' dir='ltr'><strong>ecclesiae</strong></span> <span class='ocrx_word' id='word_1_332' title='bbox 659 4093 808 4158; x_wconf 81' lang='lat' dir='ltr'><strong>collatum</strong></span> <span class='ocrx_word' id='word_1_333' title='bbox 836 4101 885 4158; x_wconf 81' lang='lat' dir='ltr'><strong>esi</strong></span> <span class='ocrx_word' id='word_1_334' title='bbox 912 4083 971 4160; x_wconf 79' lang='lat' dir='ltr'><strong>nec</strong></span> <span class='ocrx_word' id='word_1_335' title='bbox 1001 4118 1023 4160; x_wconf 84' lang='lat' dir='ltr'><strong>a</strong></span> <span class='ocrx_word' id='word_1_336' title='bbox 1036 4077 1038 4084; x_wconf 28' lang='grc' dir='ltr'>Ι</span> <span class='ocrx_word' id='word_1_337' title='bbox 1053 4093 1207 4161; x_wconf 73' lang='lat' dir='ltr'><strong>erbum</strong></span> <span class='ocrx_word' id='word_1_338' title='bbox 1233 4113 1293 4160; x_wconf 78' lang='lat' dir='ltr'><strong>neo</strong></span> <span class='ocrx_word' id='word_1_339' title='bbox 1366 4090 1370 4100; x_wconf 56' lang='lat'>‘</span> 
     </span>
    </p>
   </div>
   <div class='ocr_carea' id='block_1_18' title="bbox 267 4175 1336 4352">
    <p class='ocr_par' dir='ltr' id='par_1_21' title="bbox 267 4175 1336 4352">
     <span class='ocr_line' id='line_1_45' title="bbox 411 4175 1063 4268; baseline 0.002 -24"><span class='ocrx_word' id='word_1_340' title='bbox 411 4175 414 4190; x_wconf 61' lang='lat'><strong><em>¹</em></strong></span> <span class='ocrx_word' id='word_1_341' title='bbox 445 4181 485 4244; x_wconf 84' lang='lat' dir='ltr'><strong>ab</strong></span> <span class='ocrx_word' id='word_1_342' title='bbox 506 4185 607 4268; x_wconf 71' lang='lat' dir='ltr'><strong>s&#39;prsius</strong></span> <span class='ocrx_word' id='word_1_343' title='bbox 629 4179 816 4244; x_wconf 71' lang='lat' dir='ltr'><strong>haeredibus</strong></span> <span class='ocrx_word' id='word_1_344' title='bbox 836 4184 940 4264; x_wconf 70' lang='lat' dir='ltr'><strong>rqreti</strong></span> <span class='ocrx_word' id='word_1_345' title='bbox 960 4182 1063 4256; x_wconf 76' lang='lat' dir='ltr'><strong>debet.</strong></span> 
     </span>
     <span class='ocr_line' id='line_1_46' title="bbox 267 4261 1336 4352; baseline 0 -24"><span class='ocrx_word' id='word_1_346' title='bbox 267 4261 464 4352; x_wconf 81' lang='lat' dir='ltr'><strong>Quicumque</strong></span> <span class='ocrx_word' id='word_1_347' title='bbox 488 4285 546 4351; x_wconf 90' lang='lat' dir='ltr'><strong>pro</strong></span> <span class='ocrx_word' id='word_1_348' title='bbox 575 4266 745 4331; x_wconf 85' lang='lat' dir='ltr'><strong>devotione</strong></span> <span class='ocrx_word' id='word_1_349' title='bbox 772 4285 834 4331; x_wconf 86' lang='lat' dir='ltr'><strong>sua</strong></span> <span class='ocrx_word' id='word_1_350' title='bbox 853 4267 1018 4334; x_wconf 82' lang='lat' dir='ltr'><strong>oblationis</strong></span> <span class='ocrx_word' id='word_1_351' title='bbox 1039 4263 1143 4332; x_wconf 89' lang='lat' dir='ltr'><strong>studio</strong></span> <span class='ocrx_word' id='word_1_352' title='bbox 1163 4262 1281 4348; x_wconf 85' lang='lat' dir='ltr'><strong>aliquid</strong></span> <span class='ocrx_word' id='word_1_353' title='bbox 1303 4268 1336 4328; x_wconf 90' lang='lat' dir='ltr'><strong>iu</strong></span> 
     </span>
    </p>
   </div>
   <div class='ocr_carea' id='block_1_19' title="bbox 182 4407 562 4434">
    <p class='ocr_par' dir='ltr' id='par_1_22' title="bbox 182 4407 562 4434">
     <span class='ocr_line' id='line_1_47' title="bbox 182 4407 562 4434; baseline 0 -10"><span class='ocrx_word' id='word_1_354' title='bbox 182 4407 382 4434; x_wconf 42' lang='lat' dir='ltr'><strong>*m</strong></span> <span class='ocrx_word' id='word_1_355' title='bbox 504 4415 508 4422; x_wconf 89' lang='lat'><em>·</em></span> <span class='ocrx_word' id='word_1_356' title='bbox 558 4423 562 4432; x_wconf 75' lang='lat' dir='ltr'><strong>r</strong></span> 
     </span>
    </p>
   </div>
   <div class='ocr_carea' id='block_1_20' title="bbox 226 4472 1335 4679">
    <p class='ocr_par' dir='ltr' id='par_1_23' title="bbox 226 4472 1335 4679">
     <span class='ocr_line' id='line_1_48' title="bbox 227 4472 1335 4552; baseline -0.002 -16"><span class='ocrx_word' id='word_1_357' title='bbox 227 4483 256 4552; x_wconf 77' lang='grc' dir='ltr'><strong>ι)</strong></span> <span class='ocrx_word' id='word_1_358' title='bbox 274 4491 306 4536; x_wconf 83' lang='lat' dir='ltr'><strong>et·</strong></span> <span class='ocrx_word' id='word_1_359' title='bbox 322 4491 353 4536; x_wconf 85' lang='lat' dir='ltr'><strong>ut</strong></span> <span class='ocrx_word' id='word_1_360' title='bbox 376 4491 427 4538; x_wconf 85' lang='lat' dir='ltr'><strong>utta</strong></span> <span class='ocrx_word' id='word_1_361' title='bbox 452 4484 518 4550; x_wconf 82' lang='lat' dir='ltr'><strong>Reg.</strong></span> <span class='ocrx_word' id='word_1_362' title='bbox 536 4481 569 4536; x_wconf 86' lang='lat' dir='ltr'><strong>b.</strong></span> <span class='ocrx_word' id='word_1_363' title='bbox 615 4509 651 4524; x_wconf 88' lang='lat'>-</span> <span class='ocrx_word' id='word_1_364' title='bbox 702 4483 869 4552; x_wconf 57' lang='lat' dir='ltr'><strong>&#39;penetentia</strong></span> <span class='ocrx_word' id='word_1_365' title='bbox 886 4503 902 4538; x_wconf 85' lang='lat' dir='ltr'><strong>a</strong></span> <span class='ocrx_word' id='word_1_366' title='bbox 917 4472 1164 4552; x_wconf 64' lang='lat' dir='ltr'><strong>pontificltua&#39;lteg.</strong></span> <span class='ocrx_word' id='word_1_367' title='bbox 1182 4482 1222 4548; x_wconf 85' lang='lat' dir='ltr'><strong>D,</strong></span> <span class='ocrx_word' id='word_1_368' title='bbox 1241 4498 1266 4535; x_wconf 86' lang='lat' dir='ltr'><strong>a.</strong></span> <span class='ocrx_word' id='word_1_369' title='bbox 1301 4510 1335 4522; x_wconf 81' lang='lat'><em>—</em></span> 
     </span>
     <span class='ocr_line' id='line_1_49' title="bbox 226 4549 1334 4622; baseline 0 -18"><span class='ocrx_word' id='word_1_370' title='bbox 226 4555 256 4622; x_wconf 84' lang='lat'><strong>³)</strong></span> <span class='ocrx_word' id='word_1_371' title='bbox 274 4571 302 4604; x_wconf 82' lang='lat' dir='ltr'><strong>se</strong></span> <span class='ocrx_word' id='word_1_372' title='bbox 320 4563 446 4620; x_wconf 70' lang='lat' dir='ltr'><strong>corripere</strong></span> <span class='ocrx_word' id='word_1_373' title='bbox 463 4569 496 4605; x_wconf 75' lang='lat' dir='ltr'><strong>ec</strong></span> <span class='ocrx_word' id='word_1_374' title='bbox 513 4559 559 4604; x_wconf 82' lang='lat' dir='ltr'><strong>tue</strong></span> <span class='ocrx_word' id='word_1_375' title='bbox 576 4559 790 4616; x_wconf 73' lang='lat' dir='ltr'><strong>praeuaricatione</strong></span> <span class='ocrx_word' id='word_1_376' title='bbox 807 4563 931 4614; x_wconf 79' lang='lat' dir='ltr'><strong>notuerint</strong></span> <span class='ocrx_word' id='word_1_377' title='bbox 948 4572 1009 4611; x_wconf 78' lang='lat' dir='ltr'><strong>maa.</strong></span> <span class='ocrx_word' id='word_1_378' title='bbox 1027 4553 1127 4610; x_wconf 83' lang='lat' dir='ltr'><strong>Benad.</strong></span> <span class='ocrx_word' id='word_1_379' title='bbox 1151 4583 1186 4594; x_wconf 91' lang='lat'><strong>—-</strong></span> <span class='ocrx_word' id='word_1_380' title='bbox 1218 4549 1248 4622; x_wconf 73' lang='grc' dir='ltr'><strong>ι)</strong></span> <span class='ocrx_word' id='word_1_381' title='bbox 1267 4567 1334 4604; x_wconf 85' lang='lat' dir='ltr'><strong>eon·</strong></span> 
     </span>
     <span class='ocr_line' id='line_1_50' title="bbox 252 4621 1079 4679; baseline 0.002 -2"><span class='ocrx_word' id='word_1_382' title='bbox 252 4631 348 4678; x_wconf 72' lang='lat' dir='ltr'><strong>nermo</strong></span> <span class='ocrx_word' id='word_1_383' title='bbox 365 4623 540 4678; x_wconf 75' lang='lat' dir='ltr'><strong>duo-eutices</strong></span> <span class='ocrx_word' id='word_1_384' title='bbox 557 4639 573 4676; x_wconf 83' lang='lat' dir='ltr'><strong>a</strong></span> <span class='ocrx_word' id='word_1_385' title='bbox 589 4621 669 4677; x_wconf 77' lang='lat' dir='ltr'><strong>Sinni.</strong></span> <span class='ocrx_word' id='word_1_386' title='bbox 689 4623 769 4679; x_wconf 77' lang='lat' dir='ltr'><strong>ntra.</strong></span> <span class='ocrx_word' id='word_1_387' title='bbox 804 4653 839 4668; x_wconf 89' lang='lat'>-</span> <span class='ocrx_word' id='word_1_388' title='bbox 1049 4628 1051 4636; x_wconf 84' lang='lat'>&#39;</span> <span class='ocrx_word' id='word_1_389' title='bbox 1075 4631 1079 4640; x_wconf 90' lang='lat'>&#39;</span> 
     </span>
    </p>
   </div>
   <div class='ocr_carea' id='block_1_21' title="bbox 0 0 1438 5040">
    <p class='ocr_par' dir='ltr' id='par_1_24' title="bbox 0 0 1438 5040">
     <span class='ocr_line' id='line_1_51' title="bbox 0 0 1438 5040; baseline 0 0"><span class='ocrx_word' id='word_1_390' title='bbox 0 0 1438 5040; x_wconf 95' lang='lat' dir='ltr'><strong> </strong></span> 
     </span>
    </p>
   </div>
  </div>
 </body>
</html>
