2864 5042
471 422 719 508 SYNODUS
744 423 976 504 ROMANA
1005 415 1188 504 PRIMA
1235 501 1241 508 .

299 559 382 625 sua
407 559 657 628 summoue
686 563 801 628 rara
825 563 1159 630 nasceremur
1184 561 1297 626 nxxu
1310 561 1341 642 ι).

242 763 351 872 Pon
376 811 574 876 erroreum
601 813 723 877 unnim
751 813 809 876 vie
836 787 1025 895 elevandi,
1056 814 1220 880 Karoura
1239 809 1372 888 uteru

242 903 373 966 basilica
406 905 490 967 beati
523 907 610 970 Petri
645 907 800 987 apostoli,
835 905 957 989 synodo
990 908 1211 988 praesidente
1236 900 1371 970 beatissimo

243 1006 326 1072 papa
344 987 552 1072 Symmacho,
574 990 763 1075 Fulgentius
777 990 812 1069 ²)
835 989 1088 1056 archidiaconus
1111 993 1202 1056 dixit

285 1109 309 1172 l.
352 1105 403 1172 De
426 1117 623 1194 congregato
643 1110 760 1192 synodo
783 1130 823 1174 er
844 1121 1023 1196 praecepto
1040 1131 1163 1196 papae
1186 1107 1343 1192 Sy'mmccli.

327 1211 495 1276 Beatitudo
515 1222 623 1276 vestra
652 1213 779 1277 directis
806 1213 942 1279 antebac
974 1233 1037 1294 per
1070 1209 1256 1295 provincias
1274 1208 1369 1273 auctori

243 1299 361 1360 tatibus
386 1299 579 1380 Aequentem
592 1297 626 1376 ³)
657 1299 767 1362 ltaliae
794 1297 995 1360 sacerdotum
1021 1297 1192 1380 synodum
1215 1291 1368 1368 convocavit

241 1402 369 1464 quorum
398 1385 576 1464 praesentia
600 1383 632 1445 in
660 1384 775 1446 vestris
797 1382 920 1445 videtur
946 1383 1056 1448 oculis
1088 1386 1271 1446 constituta.
1306 1381 1384 1456 Nure¹

241 1467 401 1530 beatitudo
423 1478 540 1548 vestra,
561 1489 642 1551 quae
658 1469 697 1532 ad
713 1469 951 1532 ecclesiasticas
966 1469 1206 1533 indemnitates
1220 1468 1269 1530 vel
1286 1465 1318 1526 ad
1332 1480 1367 1541 pa·

242 1571 312 1615 nem
333 1548 429 1615 totius
449 1553 608 1618 ecelesiae
629 1555 784 1634 pertinent
805 1552 875 1616 rive
895 1551 1106 1617 concordiam
1123 1555 1269 1638 dignetur
1285 1555 1366 1612 bacu-

241 1637 342 1702 biliter
378 1635 526 1700 ordinare.
588 1639 805 1702 Acclamatum
837 1647 889 1702 est
921 1641 959 1702 ab
994 1641 1152 1703 omnibus
1186 1635 1325 1720 episcopis
1347 1637 1364 1688 el

243 1723 454 1810 presbyteris:
487 1721 611 1787 Exaudi
632 1723 773 1788 Christe!
795 1724 986 1806 Symmacho
1009 1727 1107 1789 vita!
1134 1725 1252 1788 dictum
1271 1727 1313 1782 est
1329 1715 1363 1777 le

242 1811 317 1888 cies
359 1808 460 1892 Cujus
481 1809 591 1872 sedem
613 1818 647 1872 et
668 1813 785 1874 annos!
806 1807 922 1874 dictum
944 1819 996 1874 est
1018 1813 1142 1876 novies
1158 1809 1200 1890 ⁴).
1239 1807 1276 1872 Ut
1294 1801 1360 1866 faria

138 1927 139 1936 ν
240 1899 405 1982 rogamus!
429 1895 620 1960 dictumest
642 1895 758 1960 decies.

223 2017 226 2022 '
275 2017 313 2078 ll.
346 2014 553 2078 interlocutio
575 2013 814 2097 squamatim
836 2017 1026 2100 epriscopclr’a
1048 2017 1196 2080 ambitur
1215 2010 1340 2074 radicitus

721 2123 772 2164 am
794 2108 912 2166 ateium

286 2184 290 2196 '
325 2177 536 2266 Symmacbd's
563 2189 733 2267 episcopus
764 2123 922 2250 ecclesiae
951 2187 1141 2252 catholicae
1170 2183 1251 2247 urbis
1272 2179 1356 2241 Rama

240 2269 337 2334 dixit:
366 2267 539 2332 Concilium
566 2270 741 2333 dilectionis
762 2281 892 2334 vestrae
916 2275 1072 2356 neglecta
1094 2272 1210 2336 hiemis
1231 2262 1375 2346 asperatus

240 2353 416 2420 sollicitudo
437 2363 619 2436 nostra‘pro
640 2355 864 2419 ecclesiastica
884 2357 1096 2423 indemnitate
1119 2355 1286 2439 specialiter
1298 2361 1352 2406 σου·

240 2438 406 2526 gregavit,
431 2449 467 2502 ut
492 2442 704 2522 episcopalem
726 2441 873 2506 ambitum
895 2451 929 2505 ct
950 2445 1151 2509 condicionis
1171 2422 1349 2526 iecerunt·vel

239 2527 419 2610 popularem
441 2527 615 2607 tumultum,
634 2546 728 2609 quem
749 2548 804 2610 per
823 2529 1046 2592 surrectionem
1063 2524 1353 2600 incohauerunt
1383 2539 1384 2558 ¹

240 2614 410 2696 aliquorum
436 2621 577 2692 tempore
606 2613 808 2692 ordinationis
833 2633 923 2677 mane
950 2623 1080 2679 constat
1110 2621 1266 2686 circnma,
1291 2613 1354 2690 com«

240 2700 397 2764 municato
425 2699 541 2778 pariter
570 2707 707 2762 tractatu
729 2701 761 2761 iu
779 2700 915 2764 futurum
942 2698 1106 2782 possimus
1132 2698 1257 2766 robuste
1275 2705 1306 2750 ac
1320 2699 1355 2738 vl·

239 2787 361 2858 ,vaciter
381 2792 552 2864 amputare.
588 2785 695 2864 Atque
716 2785 787 2848 ideo
809 2804 980 2848 caveamus
1001 2785 1032 2848 in
1052 2795 1227 2868 posterum,
1246 2793 1280 2840 ue
1299 2765 1353 2830 sul·

174 2911 175 2916 κ
239 2867 554 2956 ¹versiodisciplinac
585 2878 638 2930 aut
666 2867 795 2934 audacia
826 2872 1092 2954 praesumentium
1120 2867 1240 2954 gestiat
1263 2861 1354 2922 tantast

197 3003 200 3015 .
239 2956 381 3042 similia,
396 2964 429 3016 et
457 2955 522 3036 pari
550 2953 738 3018 adunatione
763 2965 955 3038 tractemus,
984 2959 1151 3037 expressis
1170 2951 1283 3019 seilicet
1299 2953 1353 3000 seu·

239 3042 348 3102 tentiis
368 3039 549 3102 sancientes
570 3039 644 3120 quid
665 3043 749 3104 circa
768 3041 900 3106 Romani
921 3042 1062 3123 episcopi
1084 3037 1296 3105 ordinationem
1313 3018 1354 3080 dt·

239 3125 314 3186 beat
343 3121 499 3184 custodiri.
534 3124 688 3188 ,Universi
715 3125 855 3208 episcopi
884 3136 917 3188 et
946 3128 1125 3210 presbyteri
1152 3122 1300 3186 dixemm:
1326 3100 1352 3164 Ui

238 3209 294 3282 fiat
314 3208 479 3290 regamus!
508 3206 625 3270 dictum
647 3218 700 3270 est
721 3211 837 3274 decies.
880 3213 924 3274 Ut
945 3212 1095 3276 scandala
1116 3207 1301 3291 amputentur
1317 3205 1353 3251 τῦ·

238 3295 371 3380 gamus!
402 3291 521 3355 dictum
548 3301 600 3356 est
619 3295 749 3372 novies.¹
780 3296 823 3360 Ut
845 3297 980 3362 ambitus
1001 3287 1204 3381 extinguatur
1222 3271 1352 3390 rogellius}

236 3368 355 3446 dicium
386 3388 436 3442 est
465 3376 637 3448 duodecies
650 3377 701 3458 ν’).
749 3380 876 3454 Exaudi
902 3383 1046 3449 Christe!
1079 3373 1266 3464 Symmacho
1289 3364 1349 3457 llll·

236 3467 355 3532 dictum
384 3473 437 3527 est
462 3465 579 3527 sexies
622 3463 723 3546 Cujus
749 3467 859 3530 sedem
874 3467 908 3548 ⁰)
936 3473 1053 3531 annosi
1082 3467 1197 3538 dictum
1219 3461 1266 3519 est
1283 3460 1351 3530 ΨΜ·

236 3554 337 3634 quies.
379 3546 428 3612 Ut‘
444 3549 484 3611 de
505 3551 662 3630 praesenti
683 3547 763 3614 ¹ilat!
794 3553 909 3616 dictum
937 3563 987 3616 est
1015 3554 1132 3617 decies
1173 3529 1347 3636 squthl

236 3635 526 3718 episcopusdixit:
556 3633 708 3712 Quoniam
735 3637 912 3702 fraternitas
939 3648 1046 3701 vestra
1073 3655 1177 3703 curam
1196 3623 1348 3713 pronsrolll

236 3729 361 3784 nostrae
376 3721 443 3783 suis
458 3721 725 3784 exhortationibus
745 3724 895 3804 incitavit,
917 3735 951 3786 et
971 3724 1099 3805 parilem
1121 3723 1201 3786 cirea
1222 3707 1345 3798 θθΰῐθξω

179 3837 188 3844 ·
235 3802 487 3888 tranquillitatem
503 3805 552 3866 dei
573 3808 672 3868 nostri
689 3810 951 3890 contemplatione
973 3811 1106 3871 animum
1126 3802 1266 3890 praestat,
1284 3781 1343 3850 elffii

236 3891 373 3973 praelati¹
390 3909 513 3972 sumus,
542 3889 763 3955 deliberatione
784 3886 813 3956 in
835 3895 994 3976 praesenti
1013 3895 1136 3974 habita,
1162 3883 1232 3970 quid
1249 3865 1345 3960 limi

236 3997 279 4040 ex
299 3978 441 4039 omnibus
461 3976 576 4038 vestris
597 3977 759 4040 informate
781 3981 955 4060 sententiis,
977 3999 1057 4062 quae
1082 3981 1113 4042 in
1131 3979 1190 4040 hoc
1207 3945 1343 4060 verntrrtblll

236 4063 368 4126 concilio
388 4081 444 4141 per
461 4061 681 4126 ecclesiastica
700 4065 868 4126 recitentur
882 4066 992 4129 officia.
1015 4066 1156 4146 Cumque
1168 4035 1343 4121 surrexttflini

236 4156 270 4210 et
291 4147 481 4230 paulopost
499 4147 610 4210 iterum
638 4149 874 4232 consedissent,
899 4149 1091 4215 Aemilianus
1110 4142 1237 4212 noradus
1255 4111 1339 4213 ⁸5⁰⁰&

234 4233 363 4297 decreta
382 4231 535 4314 vulgavit.

278 4449 307 4516 ¹)
325 4449 444 4503 Contulit
460 4453 621 4506 Marsicum
640 4439 924 4514 ms.cod.Luc.12'5.
977 4485 1012 4499 ·-
1071 4459 1101 4528 ²)
1119 4459 1229 4508 accurat
1243 4435 1339 4493 flffla‘

303 4519 363 4568 ΝΜ·
382 4519 446 4599 ¹4¹⁰·
481 4549 516 4559 “
556 4522 585 4590 ³)
602 4530 744 4586 frequenter
761 4529 826 4581 Luc.
859 4558 893 4568 -
937 4527 967 4594 ⁴)
990 4538 1067 4581 oetier
1083 4532 1147 4581 an.
1179 4551 1211 4565 -·
1248 4507 1272 4574 5)
1286 4501 1338 4561 ΨΜ

303 4595 386 4638 &ater
403 4603 431 4640 in
447 4604 481 4638 m.
499 4591 536 4642 M.
570 4621 605 4632 -
647 4595 676 4660 ε)
696 4597 795 4649 ,ΗΜ
814 4599 877 4650 Luc·
913 4625 947 4636 ,-
