2874 5044
407 729 942 862 ‘ru'nuunuro
1061 863 1066 870 .

595 1031 778 1046 m

101 1214 151 1318 J
150 1245 215 1322 am'
226 1247 353 1344 habes,
370 1249 486 1326 lector
504 1247 690 1342 benevole,
705 1246 851 1321 alteram
871 1243 1102 1322 collectorum
1118 1271 1141 1320 a
1158 1245 1262 1322 nobis

102 1353 325 1426 canonum
350 1351 589 1428 ecclesiae
613 1349 826 1446 antiquae
850 1354 998 1448 partem,
1024 1345 1060 1421 in
1081 1371 1151 1444 qua
1170 1369 1261 1423 con-

103 1451 269 1526 ciliorum
294 1454 504 1554 Hispaniae,
531 1453 683 1541 Galliae,
708 1449 846 1544 ltaliae,
871 1449 1041 1548 Anghae,
1067 1449 1262 1526 Hiberniae

103 1553 474 1633 decretaexhibitum
499 1555 544 1631 iri
569 1555 803 1656 promisimus.
855 1549 961 1642 Quae
989 1548 1129 1650 quidem
1160 1551 1260 1627 loras

103 1651 260 1727 edentes
281 1665 427 1754 rogatos
448 1657 610 1751 velimus,
632 1657 831 1757 quicunque
848 1653 884 1726 in
906 1652 976 1729 hoc
996 1675 1113 1728 rerum
1135 1652 1260 1728 eccle·

105 1753 333 1832 siasticarum
353 1783 489 1857 genere
511 1759 697 1835 tractando
718 1763 919 1850 versantur,
939 1754 1039 1830 viros
1061 1753 1200 1848 doctos,
1220 1761 1260 1829 ut

105 1856 210 1932 nobis
229 1859 388 1936 intiment
404 1885 484 1938 cum
501 1861 584 1960 quid
601 1862 740 1938 omnino
758 1857 804 1933 de
819 1856 889 1933 hac
905 1865 1029 1933 nostra
1046 1855 1260 1932 collectione

103 1969 298 2055 censeant,
332 1971 404 2037 tum
437 1963 470 2038 si
503 1971 593 2060 quae
624 1959 838 2060 corrigenda
862 1966 988 2058 putent
1008 1957 1070 2032 vel
1094 1955 1261 2032 mutanda

102 2059 165 2132 vel
190 2061 375 2156 addenda,
406 2063 558 2137 maxime
583 2071 699 2138 autem
724 2059 890 2159 numquid
914 2084 936 2135 e
959 2082 1000 2133 re
1024 2056 1188 2134 videatur
1211 2057 1259 2134 iis

103 2181 214 2253 esse,
252 2170 291 2235 ut
318 2163 378 2238 vel
412 2163 658 2258 conciliorum,
695 2186 786 2262 quae
819 2160 903 2236 inde
935 2161 980 2236 ab
1010 2159 1110 2234 initio
1142 2161 1258 2236 seculi
1405 2245 1414 2261 κ

29 2265 33 2274 ’
101 2261 223 2334 octavi
255 2288 368 2362 usque
403 2264 449 2340 ad
477 2265 723 2342 Tridentinum
755 2271 841 2342 sunt
864 2263 1064 2360 celebrata,
1096 2286 1257 2340 canones

101 2363 277 2440 collectos
300 2367 433 2442 ceteris
451 2373 598 2468 jamjam
620 2368 727 2446 editis
753 2365 973 2467 adjiciamus.

202 2467 261 2541 De
285 2468 429 2547 auxiliis
452 2471 579 2568 quibus
603 2472 640 2545 in
663 2467 870 2547 adornanda
890 2467 1105 2544 collectione
1129 2471 1256 2540 nostra

102 2565 161 2636 usi
193 2590 316 2641 sumus
347 2569 483 2644 haecce
516 2571 779 2668 praemonenda
800 2569 976 2644 videntur.
1024 2566 1180 2644 Primum
1206 2565 1257 2641 ad
1360 2629 1364 2650 ,

103 2666 256 2740 concilia
280 2667 462 2746 ecclesiae
487 2670 731 2770 Hispanae
766 2669 905 2745 edenda
938 2667 1029 2743 duas
1055 2667 1146 2743 istas
1173 2667 1253 2744 col-

104 2767 305 2864 lectiones,
346 2794 435 2868 quas
467 2770 504 2844 in
537 2772 668 2872 prioris
726 2770 814 2848 artis
845 2769 1068 2871 praelatione
1106 2769 1252 2846 uberius

104 2870 366 2967 recensuimus,
397 2872 645 2949 Matritensem
670 2798 941 2968 (gonzalezii)
967 2879 1005 2948 et
1028 2871 1253 2947 Mansianam

102 2969 332 3048 adhibuimus.
380 2974 522 3052 Deinde
547 2976 641 3052 inter
666 2975 1002 3080 Gallicanorum
1023 2973 1252 3053 conciliorum

103 3071 334 3149 collectiones
376 3075 523 3174 primum
566 3085 667 3163 tenet
706 3078 823 3154 locum
864 3075 974 3154 editio
1017 3073 1253 3152 Benedictina

103 3195 190 3270 quae
214 3174 442 3252 inscribitur:
634 3261 637 3268 A
1072 3267 1077 3276 ι

199 3273 442 3353 Conciliorum
455 3277 608 3375 Galliae,
626 3285 698 3355 tam
717 3278 890 3356 editorum
908 3303 1010 3378 quam
1027 3277 1251 3370 ineditorum,

148 3378 333 3473 collectio,
357 3387 552 3474 temporum
577 3381 702 3458 ordine
728 3381 890 3482 digesta,
915 3380 965 3456 ab
989 3403 1083 3455 anno
1109 3375 1250 3455 Christi

147 3479 221 3555 177
247 3477 294 3556 ad
319 3506 400 3555 ann.
425 3483 547 3576 1563,
586 3507 665 3560 cum
697 3483 861 3584 epistolis
893 3481 1116 3583 pontificum,
1148 3481 1249 3580 prin-

149 3581 264 3682 cipum
287 3583 600 3662 constitutionibus
625 3594 663 3661 et
684 3585 766 3666 aliis
783 3584 1066 3662 'ecclesiasticae
1090 3581 1144 3655 rei
1163 3581 1248 3679 gal-

96 3689 98 3696 “
149 3682 288 3758 licanae
313 3685 546 3761 monimentis.
594 3686 716 3787 Opera
748 3694 786 3762 et
817 3685 937 3762 studio
968 3683 1248 3764 Menaenorum

46 3807 48 3816 ’
151 3785 449 3881 conprepationia
479 3787 603 3861 suncti
634 3787 783 3863 Macri.
847 3786 986 3862 'lomus
1026 3783 1163 3885 primus
1200 3787 1246 3862 ab

150 3909 238 3961 anno
263 3885 339 3962 177
365 3888 411 3964 ad
436 3914 564 3965 annum
588 3889 675 3964 591.
727 3888 896 3981 Parisiis,
921 3887 1120 3988 sumptibus
1146 3887 1246 3976 Petri

149 3987 269 4082 Didot,
289 3987 352 4062 filii
373 3989 615 4091 primogeniti,
632 3987 1002 4068 MDCOLXXXIX.
1034 3990 1096 4065 fol.
1128 3983 1246 4082 (Coll.

150 4087 247 4162 1384
272 4113 351 4164 curn
375 4091 493 4168 indice
515 4118 598 4192 pag.
622 4090 925 4185 last-1434.)

21 4269 22 4274 ,
105 4187 226 4288 inqua
258 4190 397 4288 quidem
430 4201 566 4270 textum
599 4218 647 4268 ex
680 4193 892 4269 recensione
924 4187 1107 4269 Sirmondi
1138 4210 1244 4264 rece·

105 4297 222 4388 perunt
246 4292 417 4386 editores,
443 4295 653 4392 adjecerunt
677 4302 792 4370 umen
820 4293 1011 4370 lectionum
1036 4289 1245 4365 variantium

54 4457 61 4472 .
106 4393 379 4492 suppellectilem
405 4395 496 4470 satis
523 4396 671 4494 amplam
696 4421 718 4472 e
744 4396 928 4473 codicibus
953 4394 1127 4483 haustam,
1152 4416 1244 4487 quo-

106 4517 172 4566 rnm
194 4518 239 4569 en
264 4494 377 4570 habes
397 4495 562 4590 indicem,
584 4497 759 4599 appositis
785 4497 900 4574 literis
925 4489 1052 4591 quibus
1078 4492 1244 4584 singulos

105 4592 136 4666 in
158 4595 248 4672 notis
274 4595 565 4696 designavimus:
970 4682 995 4734 ἦ
