<?xml version="1.0" encoding="UTF-8"?>
<!DOCTYPE html PUBLIC "-//W3C//DTD XHTML 1.0 Transitional//EN"
    "http://www.w3.org/TR/xhtml1/DTD/xhtml1-transitional.dtd">
<html xmlns="http://www.w3.org/1999/xhtml" xml:lang="en" lang="en">
 <head>
  <title>
</title>
<meta http-equiv="Content-Type" content="text/html;charset=utf-8" />
  <meta name='ocr-system' content='tesseract 3.04.00' />
  <meta name='ocr-capabilities' content='ocr_page ocr_carea ocr_par ocr_line ocrx_word'/>
</head>
<body>
  <div class='ocr_page' id='page_1' title='image "./canonesapostolo01brungoog_0227.png"; bbox 0 0 2868 5040; ppageno 0'>
   <div class='ocr_carea' id='block_1_1' title="bbox 319 223 1241 330">
    <p class='ocr_par' dir='ltr' id='par_1_1' title="bbox 319 223 1241 330">
     <span class='ocr_line' id='line_1_1' title="bbox 319 223 1241 330; baseline 0.003 -38"><span class='ocrx_word' id='word_1_1' title='bbox 319 225 562 330; x_wconf 80' lang='grc' dir='ltr'><strong>οοιιοιιιιιιι</strong></span> <span class='ocrx_word' id='word_1_2' title='bbox 570 223 930 328; x_wconf 68' lang='grc' dir='ltr'><strong>ιιιιιοιιιιιιιι</strong></span> <span class='ocrx_word' id='word_1_3' title='bbox 949 227 1005 314; x_wconf 83' lang='grc' dir='ltr'><strong>ιι,</strong></span> <span class='ocrx_word' id='word_1_4' title='bbox 1174 225 1241 319; x_wconf 82' lang='grc' dir='ltr'><strong>ιιι</strong></span> 
     </span>
    </p>
   </div>
   <div class='ocr_carea' id='block_1_2' title="bbox 72 394 1241 670">
    <p class='ocr_par' dir='ltr' id='par_1_2' title="bbox 72 394 1241 660">
     <span class='ocr_line' id='line_1_2' title="bbox 72 394 1241 500; baseline -0.003 -34"><span class='ocrx_word' id='word_1_5' title='bbox 72 401 242 490; x_wconf 74' lang='lat' dir='ltr'>episcopi,</span> <span class='ocrx_word' id='word_1_6' title='bbox 269 398 310 464; x_wconf 87' lang='lat' dir='ltr'><strong>ad</strong></span> <span class='ocrx_word' id='word_1_7' title='bbox 337 417 429 484; x_wconf 92' lang='lat' dir='ltr'><strong>quem</strong></span> <span class='ocrx_word' id='word_1_8' title='bbox 459 397 603 478; x_wconf 74' lang='lat' dir='ltr'><strong>territorii</strong></span> <span class='ocrx_word' id='word_1_9' title='bbox 632 399 733 482; x_wconf 86' lang='lat' dir='ltr'><strong>ipsius</strong></span> <span class='ocrx_word' id='word_1_10' title='bbox 760 399 978 500; x_wconf 71' lang='lat' dir='ltr'><strong>privilegium</strong></span> <span class='ocrx_word' id='word_1_11' title='bbox 978 394 1119 470; x_wconf 78' lang='lat' dir='ltr'><strong>noscitur</strong></span> <span class='ocrx_word' id='word_1_12' title='bbox 1139 401 1241 481; x_wconf 57' lang='lat' dir='ltr'><strong>perti,</strong></span> 
     </span>
     <span class='ocr_line' id='line_1_3' title="bbox 72 483 1240 578; baseline -0.002 -26"><span class='ocrx_word' id='word_1_13' title='bbox 72 510 174 571; x_wconf 92' lang='lat' dir='ltr'><strong>nere,</strong></span> <span class='ocrx_word' id='word_1_14' title='bbox 201 487 387 570; x_wconf 85' lang='lat' dir='ltr'><strong>peregrinos</strong></span> <span class='ocrx_word' id='word_1_15' title='bbox 413 483 553 549; x_wconf 90' lang='lat' dir='ltr'><strong>clericos</strong></span> <span class='ocrx_word' id='word_1_16' title='bbox 573 483 799 572; x_wconf 73' lang='lat' dir='ltr'><strong>intromittant,</strong></span> <span class='ocrx_word' id='word_1_17' title='bbox 824 487 886 562; x_wconf 78' lang='lat' dir='ltr'><strong>nisi</strong></span> <span class='ocrx_word' id='word_1_18' title='bbox 910 485 1041 562; x_wconf 83' lang='lat' dir='ltr'><strong>forsitan</strong></span> <span class='ocrx_word' id='word_1_19' title='bbox 1062 503 1153 578; x_wconf 87' lang='lat' dir='ltr'><strong>quos</strong></span> <span class='ocrx_word' id='word_1_20' title='bbox 1163 505 1240 568; x_wconf 88' lang='lat' dir='ltr'><strong>pro-</strong></span> 
     </span>
     <span class='ocr_line' id='line_1_4' title="bbox 73 567 1240 670; baseline -0.003 -32"><span class='ocrx_word' id='word_1_21' title='bbox 73 575 175 640; x_wconf 89' lang='lat' dir='ltr'><strong>batos</strong></span> <span class='ocrx_word' id='word_1_22' title='bbox 193 573 326 670; x_wconf 85' lang='lat' dir='ltr'><strong>ibidem</strong></span> <span class='ocrx_word' id='word_1_23' title='bbox 338 570 489 637; x_wconf 88' lang='lat' dir='ltr'><strong>districtio</strong></span> <span class='ocrx_word' id='word_1_24' title='bbox 506 569 539 654; x_wconf 82' lang='grc' dir='ltr'><strong>ι)</strong></span> <span class='ocrx_word' id='word_1_25' title='bbox 560 571 719 656; x_wconf 87' lang='lat' dir='ltr'><strong>pontilicis</strong></span> <span class='ocrx_word' id='word_1_26' title='bbox 740 567 910 668; x_wconf 76' lang='grc' dir='ltr'><strong>ιιιιεοιιιιιιο</strong></span> <span class='ocrx_word' id='word_1_27' title='bbox 930 571 1151 654; x_wconf 73' lang='lat' dir='ltr'><strong>praeceperit..</strong></span> <span class='ocrx_word' id='word_1_28' title='bbox 1226 625 1240 660; x_wconf 85' lang='lat'><strong>·:</strong></span> 
     </span>
    </p>
   </div>
   <div class='ocr_carea' id='block_1_3' title="bbox 251 662 1241 778">
    <p class='ocr_par' dir='ltr' id='par_1_3' title="bbox 251 662 1241 778">
     <span class='ocr_line' id='line_1_5' title="bbox 251 662 1241 778; baseline -0.002 -22"><span class='ocrx_word' id='word_1_29' title='bbox 251 662 335 756; x_wconf 79' lang='lat' dir='ltr'><strong>Vnt</strong></span> <span class='ocrx_word' id='word_1_30' title='bbox 378 691 430 754; x_wconf 87' lang='lat' dir='ltr'><strong>De</strong></span> <span class='ocrx_word' id='word_1_31' title='bbox 447 693 651 774; x_wconf 76' lang='lat' dir='ltr'><strong>poenitentia</strong></span> <span class='ocrx_word' id='word_1_32' title='bbox 672 689 864 774; x_wconf 78' lang='lat' dir='ltr'><strong>lupsnrarn&#39;</strong></span> <span class='ocrx_word' id='word_1_33' title='bbox 849 712 886 754; x_wconf 86' lang='grc' dir='ltr'><strong>ιιι</strong></span> <span class='ocrx_word' id='word_1_34' title='bbox 906 691 1074 778; x_wconf 80' lang='grc' dir='ltr'><strong>Ιιιιιινοιιιιι.</strong></span> <span class='ocrx_word' id='word_1_35' title='bbox 1125 717 1159 724; x_wconf 92' lang='grc'><strong>··</strong></span> <span class='ocrx_word' id='word_1_36' title='bbox 1204 715 1241 740; x_wconf 46' lang='grc' dir='ltr'><strong>“ι</strong></span> 
     </span>
    </p>
   </div>
   <div class='ocr_carea' id='block_1_4' title="bbox 76 772 1242 1220">
    <p class='ocr_par' dir='ltr' id='par_1_4' title="bbox 76 772 1242 1220">
     <span class='ocr_line' id='line_1_6' title="bbox 166 772 1241 878; baseline -0.002 -21"><span class='ocrx_word' id='word_1_37' title='bbox 166 795 217 858; x_wconf 88' lang='lat' dir='ltr'><strong>Do</strong></span> <span class='ocrx_word' id='word_1_38' title='bbox 236 793 287 856; x_wconf 85' lang='lat' dir='ltr'><strong>lris</strong></span> <span class='ocrx_word' id='word_1_39' title='bbox 302 793 355 878; x_wconf 92' lang='lat' dir='ltr'><strong>qni</strong></span> <span class='ocrx_word' id='word_1_40' title='bbox 373 805 450 878; x_wconf 89' lang='lat' dir='ltr'><strong>post</strong></span> <span class='ocrx_word' id='word_1_41' title='bbox 470 795 618 875; x_wconf 83' lang='lat' dir='ltr'><strong>baptisari</strong></span> <span class='ocrx_word' id='word_1_42' title='bbox 639 801 871 856; x_wconf 83' lang='lat' dir='ltr'><strong>sacramentnm</strong></span> <span class='ocrx_word' id='word_1_43' title='bbox 892 793 940 854; x_wconf 89' lang='lat' dir='ltr'><strong>ad</strong></span> <span class='ocrx_word' id='word_1_44' title='bbox 953 772 1096 856; x_wconf 81' lang='lat' dir='ltr'><strong>haeresis</strong></span> <span class='ocrx_word' id='word_1_45' title='bbox 1115 791 1241 874; x_wconf 69' lang='lat' dir='ltr'><strong>lapsura</strong></span> 
     </span>
     <span class='ocr_line' id='line_1_7' title="bbox 76 877 1242 978; baseline -0.004 -33"><span class='ocrx_word' id='word_1_46' title='bbox 76 899 180 945; x_wconf 87' lang='lat' dir='ltr'><strong>came</strong></span> <span class='ocrx_word' id='word_1_47' title='bbox 197 878 353 942; x_wconf 72' lang='lat' dir='ltr'><strong>suadente</strong></span> <span class='ocrx_word' id='word_1_48' title='bbox 373 879 581 960; x_wconf 85' lang='lat' dir='ltr'><strong>descendunt,</strong></span> <span class='ocrx_word' id='word_1_49' title='bbox 604 887 637 941; x_wconf 82' lang='lat' dir='ltr'><strong>st</strong></span> <span class='ocrx_word' id='word_1_50' title='bbox 655 887 877 978; x_wconf 80' lang='lat' dir='ltr'><strong>agnosqentes</strong></span> <span class='ocrx_word' id='word_1_51' title='bbox 894 887 1016 960; x_wconf 84' lang='lat' dir='ltr'><strong>reatum</strong></span> <span class='ocrx_word' id='word_1_52' title='bbox 1030 877 1074 941; x_wconf 86' lang='lat' dir='ltr'><strong>ad</strong></span> <span class='ocrx_word' id='word_1_53' title='bbox 1084 879 1242 941; x_wconf 68' lang='lat' dir='ltr'><strong>usitatus</strong></span> 
     </span>
     <span class='ocr_line' id='line_1_8' title="bbox 77 960 1242 1046; baseline -0.003 -16"><span class='ocrx_word' id='word_1_54' title='bbox 77 968 158 1030; x_wconf 74' lang='lat' dir='ltr'><strong>suoi</strong></span> <span class='ocrx_word' id='word_1_55' title='bbox 186 966 363 1028; x_wconf 83' lang='lat' dir='ltr'><strong>catholicae</strong></span> <span class='ocrx_word' id='word_1_56' title='bbox 385 965 500 1029; x_wconf 86' lang='lat' dir='ltr'><strong>venire</strong></span> <span class='ocrx_word' id='word_1_57' title='bbox 533 963 737 1046; x_wconf 85' lang='lat' dir='ltr'><strong>desiderant,</strong></span> <span class='ocrx_word' id='word_1_58' title='bbox 766 962 799 1026; x_wconf 92' lang='lat' dir='ltr'><strong>in</strong></span> <span class='ocrx_word' id='word_1_59' title='bbox 825 965 1046 1046; x_wconf 81' lang='lat' dir='ltr'><strong>cpiscoporum</strong></span> <span class='ocrx_word' id='word_1_60' title='bbox 1074 960 1242 1046; x_wconf 70' lang='lat' dir='ltr'><strong>potestate</strong></span> 
     </span>
     <span class='ocr_line' id='line_1_9' title="bbox 81 1043 1242 1136; baseline -0.003 -18"><span class='ocrx_word' id='word_1_61' title='bbox 81 1049 240 1118; x_wconf 77' lang='lat' dir='ltr'><strong>consistat</strong></span> <span class='ocrx_word' id='word_1_62' title='bbox 259 1069 331 1115; x_wconf 86' lang='lat' dir='ltr'><strong>curn</strong></span> <span class='ocrx_word' id='word_1_63' title='bbox 350 1069 407 1114; x_wconf 85' lang='lat' dir='ltr'><strong>eos</strong></span> <span class='ocrx_word' id='word_1_64' title='bbox 428 1043 565 1114; x_wconf 85' lang='lat' dir='ltr'><strong>viderint</strong></span> <span class='ocrx_word' id='word_1_65' title='bbox 583 1051 714 1132; x_wconf 78' lang='lat' dir='ltr'><strong>dignam</strong></span> <span class='ocrx_word' id='word_1_66' title='bbox 734 1049 973 1131; x_wconf 83' lang='lat' dir='ltr'><strong>poenitentiam·</strong></span> <span class='ocrx_word' id='word_1_67' title='bbox 978 1069 1085 1136; x_wconf 83' lang='lat' dir='ltr'><strong>agere,</strong></span> <span class='ocrx_word' id='word_1_68' title='bbox 1093 1047 1242 1134; x_wconf 79' lang='lat' dir='ltr'><strong>quaudo</strong></span> 
     </span>
     <span class='ocr_line' id='line_1_10' title="bbox 77 1135 1020 1220; baseline -0.005 -18"><span class='ocrx_word' id='word_1_69' title='bbox 77 1140 137 1202; x_wconf 88' lang='lat' dir='ltr'><strong>vel</strong></span> <span class='ocrx_word' id='word_1_70' title='bbox 159 1139 291 1220; x_wconf 77' lang='lat' dir='ltr'><strong>qualiter</strong></span> <span class='ocrx_word' id='word_1_71' title='bbox 308 1137 524 1201; x_wconf 87' lang='lat' dir='ltr'><strong>communioni·</strong></span> <span class='ocrx_word' id='word_1_72' title='bbox 539 1137 689 1219; x_wconf 84' lang='lat' dir='ltr'><strong>pristinae</strong></span> <span class='ocrx_word' id='word_1_73' title='bbox 709 1135 922 1198; x_wconf 75' lang='lat' dir='ltr'><strong>reformentur.</strong></span> <span class='ocrx_word' id='word_1_74' title='bbox 1017 1209 1020 1216; x_wconf 18' lang='grc' dir='ltr'><strong>Δ</strong></span> 
     </span>
    </p>
   </div>
   <div class='ocr_carea' id='block_1_5' title="bbox 77 1245 1240 1428">
    <p class='ocr_par' dir='ltr' id='par_1_5' title="bbox 77 1245 1240 1422">
     <span class='ocr_line' id='line_1_11' title="bbox 77 1245 1240 1342; baseline -0.001 -21"><span class='ocrx_word' id='word_1_75' title='bbox 77 1259 137 1321; x_wconf 84' lang='grc' dir='ltr'><strong>ῙΧ.</strong></span> <span class='ocrx_word' id='word_1_76' title='bbox 177 1257 266 1338; x_wconf 77' lang='lat' dir='ltr'><strong>Quae</strong></span> <span class='ocrx_word' id='word_1_77' title='bbox 293 1255 333 1317; x_wconf 85' lang='lat' dir='ltr'><strong>ab</strong></span> <span class='ocrx_word' id='word_1_78' title='bbox 359 1257 503 1342; x_wconf 81' lang='lat' dir='ltr'><strong>episeopo</strong></span> <span class='ocrx_word' id='word_1_79' title='bbox 525 1262 638 1318; x_wconf 86' lang='lat' dir='ltr'><strong>contra</strong></span> <span class='ocrx_word' id='word_1_80' title='bbox 659 1274 804 1320; x_wconf 84' lang='lat' dir='ltr'><strong>conones</strong></span> <span class='ocrx_word' id='word_1_81' title='bbox 817 1253 963 1322; x_wconf 79' lang='lat' dir='ltr'><strong>alienata</strong></span> <span class='ocrx_word' id='word_1_82' title='bbox 989 1263 1065 1318; x_wconf 83' lang='lat' dir='ltr'><strong>snat</strong></span> <span class='ocrx_word' id='word_1_83' title='bbox 1094 1245 1240 1320; x_wconf 68' lang='lat' dir='ltr'><strong>reumata</strong></span> 
     </span>
     <span class='ocr_line' id='line_1_12' title="bbox 89 1334 1202 1428; baseline -0.001 -21.975"><span class='ocrx_word' id='word_1_84' title='bbox 89 1340 251 1418; x_wconf 83' lang='lat' dir='ltr'><strong>·dedent,·</strong></span> <span class='ocrx_word' id='word_1_85' title='bbox 243 1335 366 1404; x_wconf 79' lang='lat' dir='ltr'><strong>·ir&#39;beri</strong></span> <span class='ocrx_word' id='word_1_86' title='bbox 379 1350 488 1404; x_wconf 85' lang='lat' dir='ltr'><strong>tomen</strong></span> <span class='ocrx_word' id='word_1_87' title='bbox 502 1345 634 1404; x_wconf 86' lang='lat' dir='ltr'><strong>monent</strong></span> <span class='ocrx_word' id='word_1_88' title='bbox 648 1359 732 1428; x_wconf 72' lang='lat' dir='ltr'><strong>amna</strong></span> <span class='ocrx_word' id='word_1_89' title='bbox 725 1334 901 1404; x_wconf 81' lang='lat' dir='ltr'><strong>ecclesiae</strong></span> <span class='ocrx_word' id='word_1_90' title='bbox 916 1357 991 1422; x_wconf 86' lang='lat' dir='ltr'><strong>quos</strong></span> <span class='ocrx_word' id='word_1_91' title='bbox 1005 1345 1202 1414; x_wconf 73' lang='lat' dir='ltr'><strong>manumisit.</strong></span> 
     </span>
    </p>
   </div>
   <div class='ocr_carea' id='block_1_6' title="bbox 79 1434 1244 1941">
    <p class='ocr_par' dir='ltr' id='par_1_6' title="bbox 79 1434 1240 1941">
     <span class='ocr_line' id='line_1_13' title="bbox 89 1434 1240 1530; baseline -0.003 -23"><span class='ocrx_word' id='word_1_92' title='bbox 89 1454 93 1460; x_wconf 87' lang='lat'>&#39;</span> <span class='ocrx_word' id='word_1_93' title='bbox 169 1443 216 1507; x_wconf 74' lang='lat' dir='ltr'><strong>[t</strong></span> <span class='ocrx_word' id='word_1_94' title='bbox 234 1434 442 1530; x_wconf 87' lang='lat' dir='ltr'><strong>episcopus,</strong></span> <span class='ocrx_word' id='word_1_95' title='bbox 481 1443 535 1528; x_wconf 91' lang='lat' dir='ltr'><strong>qui</strong></span> <span class='ocrx_word' id='word_1_96' title='bbox 566 1443 606 1511; x_wconf 90' lang='lat' dir='ltr'><strong>de</strong></span> <span class='ocrx_word' id='word_1_97' title='bbox 637 1442 788 1508; x_wconf 76' lang='lat' dir='ltr'><strong>facultate</strong></span> <span class='ocrx_word' id='word_1_98' title='bbox 817 1443 941 1524; x_wconf 91' lang='lat' dir='ltr'><strong>propria</strong></span> <span class='ocrx_word' id='word_1_99' title='bbox 973 1444 1133 1507; x_wconf 87' lang='lat' dir='ltr'><strong>ecclesiae</strong></span> <span class='ocrx_word' id='word_1_100' title='bbox 1163 1441 1240 1512; x_wconf 91' lang='lat' dir='ltr'><strong>nihil</strong></span> 
     </span>
     <span class='ocr_line' id='line_1_14' title="bbox 83 1527 1243 1612; baseline -0.001 -19"><span class='ocrx_word' id='word_1_101' title='bbox 83 1528 250 1612; x_wconf 88' lang='lat' dir='ltr'><strong>relinquit,</strong></span> <span class='ocrx_word' id='word_1_102' title='bbox 218 1530 320 1592; x_wconf 90' lang='lat' dir='ltr'><strong>tde</strong></span> <span class='ocrx_word' id='word_1_103' title='bbox 347 1529 506 1592; x_wconf 89' lang='lat' dir='ltr'><strong>ecclesiae</strong></span> <span class='ocrx_word' id='word_1_104' title='bbox 533 1529 686 1594; x_wconf 80' lang='lat' dir='ltr'><strong>facultate</strong></span> <span class='ocrx_word' id='word_1_105' title='bbox 712 1527 742 1592; x_wconf 89' lang='lat' dir='ltr'><strong>si</strong></span> <span class='ocrx_word' id='word_1_106' title='bbox 769 1527 843 1610; x_wconf 91' lang='lat' dir='ltr'><strong>quid</strong></span> <span class='ocrx_word' id='word_1_107' title='bbox 869 1527 959 1590; x_wconf 89' lang='lat' dir='ltr'><strong>aliter</strong></span> <span class='ocrx_word' id='word_1_108' title='bbox 985 1547 1078 1612; x_wconf 87' lang='lat' dir='ltr'><strong>qnam</strong></span> <span class='ocrx_word' id='word_1_109' title='bbox 1099 1527 1243 1599; x_wconf 70' lang='lat' dir='ltr'><strong>canonesf</strong></span> 
     </span>
     <span class='ocr_line' id='line_1_15' title="bbox 79 1575 1241 1717; baseline -0.004 -38"><span class='ocrx_word' id='word_1_110' title='bbox 79 1575 270 1717; x_wconf 81' lang='lat' dir='ltr'><strong>eloquuntdr</strong></span> <span class='ocrx_word' id='word_1_111' title='bbox 296 1616 507 1698; x_wconf 76' lang='lat' dir='ltr'><strong>obligaverit,</strong></span> <span class='ocrx_word' id='word_1_112' title='bbox 534 1615 716 1684; x_wconf 87' lang='lat' dir='ltr'><strong>vendiderit</strong></span> <span class='ocrx_word' id='word_1_113' title='bbox 743 1623 799 1676; x_wconf 87' lang='lat' dir='ltr'><strong>aut</strong></span> <span class='ocrx_word' id='word_1_114' title='bbox 826 1611 1024 1698; x_wconf 85' lang='lat' dir='ltr'><strong>distraxerit,</strong></span> <span class='ocrx_word' id='word_1_115' title='bbox 1059 1611 1118 1678; x_wconf 91' lang='lat' dir='ltr'><strong>ad</strong></span> <span class='ocrx_word' id='word_1_116' title='bbox 1129 1613 1241 1677; x_wconf 83' lang='lat' dir='ltr'><strong>eccle-&#39;</strong></span> 
     </span>
     <span class='ocr_line' id='line_1_16' title="bbox 82 1660 1240 1781; baseline -0.003 -15"><span class='ocrx_word' id='word_1_117' title='bbox 82 1704 164 1770; x_wconf 85' lang='lat' dir='ltr'><strong>siam</strong></span> <span class='ocrx_word' id='word_1_118' title='bbox 179 1697 230 1781; x_wconf 89' lang='grc'><strong>2)</strong></span> <span class='ocrx_word' id='word_1_119' title='bbox 237 1709 411 1766; x_wconf 89' lang='lat' dir='ltr'><strong>revocetur.</strong></span> <span class='ocrx_word' id='word_1_120' title='bbox 455 1661 592 1764; x_wconf 77' lang='lat' dir='ltr'><strong>Sa⁷&#39;ne</strong></span> <span class='ocrx_word' id='word_1_121' title='bbox 564 1719 593 1764; x_wconf 90' lang='lat' dir='ltr'><strong>sr</strong></span> <span class='ocrx_word' id='word_1_122' title='bbox 615 1699 655 1763; x_wconf 90' lang='lat' dir='ltr'><strong>de</strong></span> <span class='ocrx_word' id='word_1_123' title='bbox 677 1698 780 1764; x_wconf 88' lang='lat' dir='ltr'><strong>servis</strong></span> <span class='ocrx_word' id='word_1_124' title='bbox 802 1700 961 1762; x_wconf 85' lang='lat' dir='ltr'><strong>eeclesiae</strong></span> <span class='ocrx_word' id='word_1_125' title='bbox 979 1660 1108 1762; x_wconf 73' lang='lat' dir='ltr'><strong>litiertos</strong></span> <span class='ocrx_word' id='word_1_126' title='bbox 1127 1696 1240 1762; x_wconf 90' lang='lat' dir='ltr'><strong>fecerit</strong></span> 
     </span>
     <span class='ocr_line' id='line_1_17' title="bbox 82 1780 1244 1893; baseline -0.003 -42"><span class='ocrx_word' id='word_1_127' title='bbox 82 1807 213 1851; x_wconf 91' lang='lat' dir='ltr'><strong>numero</strong></span> <span class='ocrx_word' id='word_1_128' title='bbox 235 1783 467 1870; x_wconf 85' lang='lat' dir='ltr'><strong>competenti,</strong></span> <span class='ocrx_word' id='word_1_129' title='bbox 457 1808 489 1849; x_wconf 92' lang='grc' dir='ltr'><strong>ιιι</strong></span> <span class='ocrx_word' id='word_1_130' title='bbox 509 1786 704 1874; x_wconf 87' lang='lat' dir='ltr'><strong>ingenuitate</strong></span> <span class='ocrx_word' id='word_1_131' title='bbox 723 1793 938 1893; x_wconf 89' lang='lat' dir='ltr'><strong>permaneant,</strong></span> <span class='ocrx_word' id='word_1_132' title='bbox 953 1785 998 1848; x_wconf 89' lang='lat' dir='ltr'><strong>ita</strong></span> <span class='ocrx_word' id='word_1_133' title='bbox 1018 1793 1054 1847; x_wconf 90' lang='lat' dir='ltr'><strong>ut</strong></span> <span class='ocrx_word' id='word_1_134' title='bbox 1074 1780 1115 1846; x_wconf 91' lang='lat' dir='ltr'><strong>ab</strong></span> <span class='ocrx_word' id='word_1_135' title='bbox 1137 1784 1244 1892; x_wconf 75' lang='lat' dir='ltr'><strong>cilicio</strong></span> 
     </span>
     <span class='ocr_line' id='line_1_18' title="bbox 81 1871 504 1941; baseline 0 -5"><span class='ocrx_word' id='word_1_136' title='bbox 81 1874 243 1941; x_wconf 85' lang='lat' dir='ltr'><strong>ecclesiae</strong></span> <span class='ocrx_word' id='word_1_137' title='bbox 263 1891 327 1936; x_wconf 92' lang='lat' dir='ltr'><strong>non</strong></span> <span class='ocrx_word' id='word_1_138' title='bbox 346 1871 504 1937; x_wconf 88' lang='lat' dir='ltr'><strong>recedant</strong></span> 
     </span>
    </p>
   </div>
   <div class='ocr_carea' id='block_1_7' title="bbox 82 1960 1248 2686">
    <p class='ocr_par' dir='ltr' id='par_1_7' title="bbox 113 1960 1241 2093">
     <span class='ocr_line' id='line_1_19' title="bbox 113 1960 1241 2093; baseline -0.005 -35"><span class='ocrx_word' id='word_1_139' title='bbox 113 1993 155 2058; x_wconf 83' lang='lat' dir='ltr'><strong>X.</strong></span> <span class='ocrx_word' id='word_1_140' title='bbox 190 1993 243 2056; x_wconf 87' lang='lat' dir='ltr'><strong>De</strong></span> <span class='ocrx_word' id='word_1_141' title='bbox 264 1993 403 2093; x_wconf 76' lang='lat' dir='ltr'><strong>digamis</strong></span> <span class='ocrx_word' id='word_1_142' title='bbox 425 1993 470 2056; x_wconf 85' lang='lat' dir='ltr'><strong>ad</strong></span> <span class='ocrx_word' id='word_1_143' title='bbox 490 1992 706 2056; x_wconf 78' lang='lat' dir='ltr'><strong>diaconatum</strong></span> <span class='ocrx_word' id='word_1_144' title='bbox 716 1997 777 2057; x_wconf 78' lang='lat' dir='ltr'><strong>not</strong></span> <span class='ocrx_word' id='word_1_145' title='bbox 790 1960 1030 2072; x_wconf 72' lang='lat' dir='ltr'><strong>presbyterium</strong></span> <span class='ocrx_word' id='word_1_146' title='bbox 1040 1990 1241 2072; x_wconf 64' lang='lat' dir='ltr'><strong>prosectis.</strong></span> 
     </span>
    </p>

    <p class='ocr_par' dir='ltr' id='par_1_8' title="bbox 82 2078 1248 2676">
     <span class='ocr_line' id='line_1_20' title="bbox 166 2078 1248 2175; baseline 0 -35"><span class='ocrx_word' id='word_1_147' title='bbox 166 2078 203 2140; x_wconf 88' lang='lat' dir='ltr'><strong>Si</strong></span> <span class='ocrx_word' id='word_1_148' title='bbox 232 2081 304 2160; x_wconf 92' lang='lat' dir='ltr'><strong>quis</strong></span> <span class='ocrx_word' id='word_1_149' title='bbox 330 2079 549 2160; x_wconf 90' lang='lat' dir='ltr'><strong>episcoporum</strong></span> <span class='ocrx_word' id='word_1_150' title='bbox 577 2079 684 2139; x_wconf 90' lang='lat' dir='ltr'><strong>sciens</strong></span> <span class='ocrx_word' id='word_1_151' title='bbox 710 2084 765 2139; x_wconf 89' lang='lat' dir='ltr'><strong>aut</strong></span> <span class='ocrx_word' id='word_1_152' title='bbox 784 2078 944 2175; x_wconf 79' lang='lat' dir='ltr'><strong>bigamum</strong></span> <span class='ocrx_word' id='word_1_153' title='bbox 966 2084 1021 2138; x_wconf 92' lang='lat' dir='ltr'><strong>aut</strong></span> <span class='ocrx_word' id='word_1_154' title='bbox 1031 2079 1248 2156; x_wconf 76' lang='lat' dir='ltr'><strong>intemnptae,</strong></span> 
     </span>
     <span class='ocr_line' id='line_1_21' title="bbox 85 2158 1239 2263; baseline -0.003 -37"><span class='ocrx_word' id='word_1_155' title='bbox 85 2163 232 2254; x_wconf 83' lang='lat' dir='ltr'><strong>maritum</strong></span> <span class='ocrx_word' id='word_1_156' title='bbox 255 2165 297 2228; x_wconf 91' lang='lat' dir='ltr'><strong>ad</strong></span> <span class='ocrx_word' id='word_1_157' title='bbox 318 2165 456 2240; x_wconf 87' lang='lat' dir='ltr'><strong>officium</strong></span> <span class='ocrx_word' id='word_1_158' title='bbox 474 2162 624 2226; x_wconf 87' lang='lat' dir='ltr'><strong>leviticae</strong></span> <span class='ocrx_word' id='word_1_159' title='bbox 645 2161 810 2262; x_wconf 77' lang='lat' dir='ltr'><strong>dignitatis</strong></span> <span class='ocrx_word' id='word_1_160' title='bbox 829 2162 900 2226; x_wconf 88' lang='lat' dir='ltr'><strong>sive</strong></span> <span class='ocrx_word' id='word_1_161' title='bbox 921 2158 1109 2262; x_wconf 82' lang='lat' dir='ltr'><strong>presbyterii</strong></span> <span class='ocrx_word' id='word_1_162' title='bbox 1128 2169 1239 2263; x_wconf 77' lang='lat' dir='ltr'><strong>conus</strong></span> 
     </span>
     <span class='ocr_line' id='line_1_22' title="bbox 82 2234 1240 2347; baseline 0 -38"><span class='ocrx_word' id='word_1_163' title='bbox 82 2247 139 2331; x_wconf 86' lang='lat' dir='ltr'><strong>jus</strong></span> <span class='ocrx_word' id='word_1_164' title='bbox 160 2234 312 2313; x_wconf 82' lang='lat' dir='ltr'><strong>candnur&#39;n</strong></span> <span class='ocrx_word' id='word_1_165' title='bbox 332 2267 515 2347; x_wconf 86' lang='lat' dir='ltr'><strong>promovere</strong></span> <span class='ocrx_word' id='word_1_166' title='bbox 540 2247 802 2342; x_wconf 87' lang='lat' dir='ltr'><strong>praesumpserit,</strong></span> <span class='ocrx_word' id='word_1_167' title='bbox 830 2249 956 2310; x_wconf 90' lang='lat' dir='ltr'><strong>noverit</strong></span> <span class='ocrx_word' id='word_1_168' title='bbox 981 2267 1018 2311; x_wconf 89' lang='lat' dir='ltr'><strong>se</strong></span> <span class='ocrx_word' id='word_1_169' title='bbox 1045 2245 1138 2310; x_wconf 82' lang='lat' dir='ltr'><strong>nnius</strong></span> <span class='ocrx_word' id='word_1_170' title='bbox 1166 2247 1240 2310; x_wconf 89' lang='lat' dir='ltr'><strong>anni</strong></span> 
     </span>
     <span class='ocr_line' id='line_1_23' title="bbox 83 2327 1240 2434; baseline -0.001 -36"><span class='ocrx_word' id='word_1_171' title='bbox 83 2335 186 2416; x_wconf 88' lang='lat' dir='ltr'><strong>spatio</strong></span> <span class='ocrx_word' id='word_1_172' title='bbox 208 2337 247 2402; x_wconf 92' lang='lat' dir='ltr'><strong>ab</strong></span> <span class='ocrx_word' id='word_1_173' title='bbox 270 2333 354 2402; x_wconf 90' lang='lat' dir='ltr'><strong>omni</strong></span> <span class='ocrx_word' id='word_1_174' title='bbox 376 2332 485 2408; x_wconf 86' lang='lat' dir='ltr'><strong>officio</strong></span> <span class='ocrx_word' id='word_1_175' title='bbox 502 2331 673 2398; x_wconf 86' lang='lat' dir='ltr'><strong>sacerdotii</strong></span> <span class='ocrx_word' id='word_1_176' title='bbox 693 2327 769 2396; x_wconf 80' lang='lat' dir='ltr'><strong>esse</strong></span> <span class='ocrx_word' id='word_1_177' title='bbox 790 2342 998 2434; x_wconf 85' lang='lat' dir='ltr'><strong>suspensum:</strong></span> <span class='ocrx_word' id='word_1_178' title='bbox 1027 2332 1082 2432; x_wconf 91' lang='lat' dir='ltr'><strong>qui</strong></span> <span class='ocrx_word' id='word_1_179' title='bbox 1109 2334 1139 2396; x_wconf 90' lang='lat' dir='ltr'><strong>si</strong></span> <span class='ocrx_word' id='word_1_180' title='bbox 1156 2335 1240 2398; x_wconf 90' lang='lat' dir='ltr'><strong>forto</strong></span> 
     </span>
     <span class='ocr_line' id='line_1_24' title="bbox 83 2417 1246 2514; baseline -0.004 -30"><span class='ocrx_word' id='word_1_181' title='bbox 83 2421 264 2488; x_wconf 89' lang='lat' dir='ltr'><strong>sententiae</strong></span> <span class='ocrx_word' id='word_1_182' title='bbox 292 2420 454 2502; x_wconf 89' lang='lat' dir='ltr'><strong>subjacere</strong></span> <span class='ocrx_word' id='word_1_183' title='bbox 482 2418 721 2500; x_wconf 88' lang='lat' dir='ltr'><strong>contempserit,</strong></span> <span class='ocrx_word' id='word_1_184' title='bbox 749 2437 769 2480; x_wconf 93' lang='lat' dir='ltr'><strong>a</strong></span> <span class='ocrx_word' id='word_1_185' title='bbox 795 2420 1011 2514; x_wconf 80' lang='lat' dir='ltr'><strong>communione</strong></span> <span class='ocrx_word' id='word_1_186' title='bbox 1039 2417 1110 2500; x_wconf 86' lang='lat' dir='ltr'><strong>ejus</strong></span> <span class='ocrx_word' id='word_1_187' title='bbox 1136 2437 1246 2514; x_wconf 87' lang='lat' dir='ltr'><strong>usque</strong></span> 
     </span>
     <span class='ocr_line' id='line_1_25' title="bbox 84 2485 1246 2604; baseline -0.004 -36"><span class='ocrx_word' id='word_1_188' title='bbox 84 2505 117 2568; x_wconf 93' lang='lat' dir='ltr'><strong>in</strong></span> <span class='ocrx_word' id='word_1_189' title='bbox 144 2525 291 2588; x_wconf 86' lang='lat' dir='ltr'><strong>magnam</strong></span> <span class='ocrx_word' id='word_1_190' title='bbox 306 2506 341 2586; x_wconf 71' lang='grc'><strong>8)</strong></span> <span class='ocrx_word' id='word_1_191' title='bbox 372 2501 528 2604; x_wconf 89' lang='lat' dir='ltr'><strong>synodum</strong></span> <span class='ocrx_word' id='word_1_192' title='bbox 549 2523 587 2566; x_wconf 90' lang='lat' dir='ltr'><strong>se</strong></span> <span class='ocrx_word' id='word_1_193' title='bbox 609 2503 786 2566; x_wconf 88' lang='lat' dir='ltr'><strong>fraternitas</strong></span> <span class='ocrx_word' id='word_1_194' title='bbox 807 2502 955 2570; x_wconf 89' lang='lat' dir='ltr'><strong>universa</strong></span> <span class='ocrx_word' id='word_1_195' title='bbox 974 2503 1170 2588; x_wconf 76' lang='lat' dir='ltr'><strong>suspendatJ</strong></span> <span class='ocrx_word' id='word_1_196' title='bbox 1196 2485 1246 2564; x_wconf 92' lang='lat' dir='ltr'><strong>illi</strong></span> 
     </span>
     <span class='ocr_line' id='line_1_26' title="bbox 84 2587 844 2686; baseline -0.004 -33"><span class='ocrx_word' id='word_1_197' title='bbox 84 2611 159 2656; x_wconf 91' lang='lat' dir='ltr'><strong>vero</strong></span> <span class='ocrx_word' id='word_1_198' title='bbox 181 2593 234 2676; x_wconf 80' lang='lat' dir='ltr'><strong>qrti</strong></span> <span class='ocrx_word' id='word_1_199' title='bbox 255 2591 361 2656; x_wconf 91' lang='lat' dir='ltr'><strong>illicito</strong></span> <span class='ocrx_word' id='word_1_200' title='bbox 381 2589 515 2676; x_wconf 89' lang='lat' dir='ltr'><strong>promoti</strong></span> <span class='ocrx_word' id='word_1_201' title='bbox 536 2597 611 2686; x_wconf 81' lang='lat' dir='ltr'><strong>sunt</strong></span> <span class='ocrx_word' id='word_1_202' title='bbox 631 2587 844 2670; x_wconf 82' lang='lat' dir='ltr'><strong>regradantur.</strong></span> 
     </span>
    </p>
   </div>
   <div class='ocr_carea' id='block_1_8' title="bbox 82 2675 1251 3402">
    <p class='ocr_par' dir='ltr' id='par_1_9' title="bbox 82 2675 1251 3402">
     <span class='ocr_line' id='line_1_27' title="bbox 82 2675 1246 2792; baseline -0.005 -17"><span class='ocrx_word' id='word_1_203' title='bbox 82 2712 138 2776; x_wconf 82' lang='lat' dir='ltr'><strong>Xl.</strong></span> <span class='ocrx_word' id='word_1_204' title='bbox 166 2709 375 2773; x_wconf 80' lang='lat' dir='ltr'><strong>Monasten&#39;io</strong></span> <span class='ocrx_word' id='word_1_205' title='bbox 396 2715 455 2772; x_wconf 82' lang='lat' dir='ltr'><strong>ont</strong></span> <span class='ocrx_word' id='word_1_206' title='bbox 462 2708 634 2792; x_wconf 75' lang='lat' dir='ltr'><strong>parochiis</strong></span> <span class='ocrx_word' id='word_1_207' title='bbox 648 2704 767 2770; x_wconf 71' lang='lat' dir='ltr'><strong>cauata</strong></span> <span class='ocrx_word' id='word_1_208' title='bbox 781 2704 845 2768; x_wconf 79' lang='lat' dir='ltr'><strong>sibi</strong></span> <span class='ocrx_word' id='word_1_209' title='bbox 859 2703 990 2768; x_wconf 81' lang='lat' dir='ltr'><strong>abbates</strong></span> <span class='ocrx_word' id='word_1_210' title='bbox 1009 2711 1043 2768; x_wconf 87' lang='lat' dir='ltr'><strong>et</strong></span> <span class='ocrx_word' id='word_1_211' title='bbox 1058 2675 1246 2790; x_wconf 63' lang='lat' dir='ltr'><strong>mandatori·</strong></span> 
     </span>
     <span class='ocr_line' id='line_1_28' title="bbox 195 2793 1208 2892; baseline -0.003 -34"><span class='ocrx_word' id='word_1_212' title='bbox 195 2817 260 2876; x_wconf 82' lang='lat' dir='ltr'><strong>aon</strong></span> <span class='ocrx_word' id='word_1_213' title='bbox 281 2797 446 2860; x_wconf 84' lang='lat' dir='ltr'><strong>vindicent</strong></span> <span class='ocrx_word' id='word_1_214' title='bbox 466 2814 526 2863; x_wconf 83' lang='lat' dir='ltr'><strong>nec</strong></span> <span class='ocrx_word' id='word_1_215' title='bbox 547 2793 690 2856; x_wconf 84' lang='lat' dir='ltr'><strong>alienent</strong></span> <span class='ocrx_word' id='word_1_216' title='bbox 709 2794 781 2856; x_wconf 77' lang='lat' dir='ltr'><strong>sine</strong></span> <span class='ocrx_word' id='word_1_217' title='bbox 801 2794 943 2892; x_wconf 72' lang='grc' dir='ltr'><strong>οιιιιιοιιι·</strong></span> <span class='ocrx_word' id='word_1_218' title='bbox 963 2809 1126 2868; x_wconf 67' lang='lat' dir='ltr'><strong>amaneu.</strong></span> <span class='ocrx_word' id='word_1_219' title='bbox 1196 2811 1208 2833; x_wconf 86' lang='lat'><strong>‚-</strong></span> 
     </span>
     <span class='ocr_line' id='line_1_29' title="bbox 170 2876 1239 2978; baseline -0.006 -34"><span class='ocrx_word' id='word_1_220' title='bbox 170 2881 301 2964; x_wconf 89' lang='lat' dir='ltr'><strong>Siquid</strong></span> <span class='ocrx_word' id='word_1_221' title='bbox 322 2881 489 2964; x_wconf 82' lang='lat' dir='ltr'><strong>abbatibus</strong></span> <span class='ocrx_word' id='word_1_222' title='bbox 509 2888 565 2944; x_wconf 90' lang='lat' dir='ltr'><strong>aut</strong></span> <span class='ocrx_word' id='word_1_223' title='bbox 585 2880 688 2960; x_wconf 82' lang='lat' dir='ltr'><strong>sacris</strong></span> <span class='ocrx_word' id='word_1_224' title='bbox 706 2876 907 2978; x_wconf 75' lang='lat' dir='ltr'><strong>menesterijs</strong></span> <span class='ocrx_word' id='word_1_225' title='bbox 927 2887 984 2954; x_wconf 72' lang='lat' dir='ltr'><strong>tut</strong></span> <span class='ocrx_word' id='word_1_226' title='bbox 1004 2877 1162 2961; x_wconf 90' lang='lat' dir='ltr'><strong>parochiis</strong></span> <span class='ocrx_word' id='word_1_227' title='bbox 1181 2893 1239 2958; x_wconf 88' lang='lat' dir='ltr'><strong>pro</strong></span> 
     </span>
     <span class='ocr_line' id='line_1_30' title="bbox 83 2963 1241 3060; baseline -0.003 -32"><span class='ocrx_word' id='word_1_228' title='bbox 83 2963 136 3033; x_wconf 86' lang='lat' dir='ltr'><strong>dei</strong></span> <span class='ocrx_word' id='word_1_229' title='bbox 156 2966 251 3030; x_wconf 89' lang='lat' dir='ltr'><strong>fuerit</strong></span> <span class='ocrx_word' id='word_1_230' title='bbox 269 2966 536 3048; x_wconf 80' lang='lat' dir='ltr'><strong>contemplatione</strong></span> <span class='ocrx_word' id='word_1_231' title='bbox 554 2965 779 3046; x_wconf 85' lang='lat' dir='ltr'><strong>collatum,</strong></span> <span class='ocrx_word' id='word_1_232' title='bbox 805 2981 865 3027; x_wconf 87' lang='lat' dir='ltr'><strong>sua</strong></span> <span class='ocrx_word' id='word_1_233' title='bbox 884 2966 1075 3060; x_wconf 80' lang='lat' dir='ltr'><strong>proprietate</strong></span> <span class='ocrx_word' id='word_1_234' title='bbox 1095 2965 1166 3027; x_wconf 90' lang='lat' dir='ltr'><strong>hoe</strong></span> <span class='ocrx_word' id='word_1_235' title='bbox 1180 2963 1241 3026; x_wconf 91' lang='lat' dir='ltr'><strong>ab·</strong></span> 
     </span>
     <span class='ocr_line' id='line_1_31' title="bbox 83 3047 1240 3136; baseline -0.002 -22"><span class='ocrx_word' id='word_1_236' title='bbox 83 3054 177 3114; x_wconf 88' lang='lat' dir='ltr'><strong>bates</strong></span> <span class='ocrx_word' id='word_1_237' title='bbox 208 3053 262 3114; x_wconf 91' lang='lat' dir='ltr'><strong>vel</strong></span> <span class='ocrx_word' id='word_1_238' title='bbox 292 3052 468 3136; x_wconf 87' lang='lat' dir='ltr'><strong>presbyteri</strong></span> <span class='ocrx_word' id='word_1_239' title='bbox 498 3051 623 3114; x_wconf 88' lang='lat' dir='ltr'><strong>minime</strong></span> <span class='ocrx_word' id='word_1_240' title='bbox 654 3047 867 3131; x_wconf 89' lang='lat' dir='ltr'><strong>revocabunt,</strong></span> <span class='ocrx_word' id='word_1_241' title='bbox 897 3068 960 3114; x_wconf 88' lang='lat' dir='ltr'><strong>nee</strong></span> <span class='ocrx_word' id='word_1_242' title='bbox 989 3047 1125 3115; x_wconf 87' lang='lat' dir='ltr'><strong>alienare</strong></span> <span class='ocrx_word' id='word_1_243' title='bbox 1155 3047 1240 3131; x_wconf 88' lang='lat' dir='ltr'><strong>qued</strong></span> 
     </span>
     <span class='ocr_line' id='line_1_32' title="bbox 87 3134 1251 3236; baseline -0.003 -36"><span class='ocrx_word' id='word_1_244' title='bbox 87 3138 211 3200; x_wconf 89' lang='lat' dir='ltr'><strong>nunctis</strong></span> <span class='ocrx_word' id='word_1_245' title='bbox 231 3139 376 3234; x_wconf 81' lang='lat' dir='ltr'><strong>fratribus</strong></span> <span class='ocrx_word' id='word_1_246' title='bbox 396 3136 528 3201; x_wconf 91' lang='lat' dir='ltr'><strong>debetur</strong></span> <span class='ocrx_word' id='word_1_247' title='bbox 539 3154 748 3236; x_wconf 34' lang='lat' dir='ltr'><strong>&#39;quacumque</strong></span> <span class='ocrx_word' id='word_1_248' title='bbox 773 3134 943 3212; x_wconf 82' lang='lat' dir='ltr'><strong>occasione</strong></span> <span class='ocrx_word' id='word_1_249' title='bbox 968 3135 1240 3218; x_wconf 53' lang='lat' dir='ltr'><strong>praesumtum).</strong></span> <span class='ocrx_word' id='word_1_250' title='bbox 1231 3181 1251 3199; x_wconf 93' lang='lat'><strong>..</strong></span> 
     </span>
     <span class='ocr_line' id='line_1_33' title="bbox 85 3199 1241 3304; baseline 0.002 -20"><span class='ocrx_word' id='word_1_251' title='bbox 85 3223 199 3304; x_wconf 91' lang='lat' dir='ltr'><strong>quibus</strong></span> <span class='ocrx_word' id='word_1_252' title='bbox 218 3221 248 3286; x_wconf 90' lang='lat' dir='ltr'><strong>si</strong></span> <span class='ocrx_word' id='word_1_253' title='bbox 268 3224 360 3287; x_wconf 89' lang='lat' dir='ltr'><strong>fuerit</strong></span> <span class='ocrx_word' id='word_1_254' title='bbox 385 3222 601 3286; x_wconf 90' lang='lat' dir='ltr'><strong>necessarium</strong></span> <span class='ocrx_word' id='word_1_255' title='bbox 628 3230 664 3284; x_wconf 92' lang='lat' dir='ltr'><strong>ut</strong></span> <span class='ocrx_word' id='word_1_256' title='bbox 690 3230 812 3286; x_wconf 88' lang='lat' dir='ltr'><strong>statuta</strong></span> <span class='ocrx_word' id='word_1_257' title='bbox 839 3199 1035 3304; x_wconf 88' lang='lat' dir='ltr'><strong>convellant,</strong></span> <span class='ocrx_word' id='word_1_258' title='bbox 1061 3242 1123 3288; x_wconf 90' lang='lat' dir='ltr'><strong>non</strong></span> <span class='ocrx_word' id='word_1_259' title='bbox 1150 3222 1241 3290; x_wconf 85' lang='lat' dir='ltr'><strong>alitor</strong></span> 
     </span>
     <span class='ocr_line' id='line_1_34' title="bbox 82 3307 1194 3402; baseline 0 -32"><span class='ocrx_word' id='word_1_260' title='bbox 82 3309 207 3406; x_wconf 76' lang='lat' dir='ltr'><strong>valeat,</strong></span> <span class='ocrx_word' id='word_1_261' title='bbox 238 3307 299 3388; x_wconf 84' lang='lat' dir='ltr'><strong>nisi</strong></span> <span class='ocrx_word' id='word_1_262' title='bbox 320 3309 411 3372; x_wconf 87' lang='lat' dir='ltr'><strong>fuerit</strong></span> <span class='ocrx_word' id='word_1_263' title='bbox 432 3309 586 3402; x_wconf 87' lang='lat' dir='ltr'><strong>episcopi</strong></span> <span class='ocrx_word' id='word_1_264' title='bbox 596 3309 646 3370; x_wconf 92' lang='lat' dir='ltr'><strong>sui</strong></span> <span class='ocrx_word' id='word_1_265' title='bbox 666 3309 896 3392; x_wconf 86' lang='lat' dir='ltr'><strong>subscriptione</strong></span> <span class='ocrx_word' id='word_1_266' title='bbox 917 3307 1088 3376; x_wconf 83' lang='lat' dir='ltr'><strong>firmatum.</strong></span> <span class='ocrx_word' id='word_1_267' title='bbox 1189 3381 1194 3398; x_wconf 24' lang='lat'><strong>⁸,</strong></span> 
     </span>
    </p>
   </div>
   <div class='ocr_carea' id='block_1_9' title="bbox 78 3386 1252 4278">
    <p class='ocr_par' dir='ltr' id='par_1_10' title="bbox 124 3386 1198 3508">
     <span class='ocr_line' id='line_1_35' title="bbox 124 3386 1198 3508; baseline -0.006 -18"><span class='ocrx_word' id='word_1_268' title='bbox 124 3427 198 3490; x_wconf 87' lang='lat' dir='ltr'><strong>XII.</strong></span> <span class='ocrx_word' id='word_1_269' title='bbox 244 3425 288 3490; x_wconf 83' lang='lat' dir='ltr'><strong>Ut</strong></span> <span class='ocrx_word' id='word_1_270' title='bbox 314 3427 529 3508; x_wconf 84' lang='lat' dir='ltr'><strong>episcoporum</strong></span> <span class='ocrx_word' id='word_1_271' title='bbox 556 3425 630 3508; x_wconf 69' lang='lat' dir='ltr'><strong>lites</strong></span> <span class='ocrx_word' id='word_1_272' title='bbox 651 3428 750 3488; x_wconf 78' lang='lat' dir='ltr'><strong>intra</strong></span> <span class='ocrx_word' id='word_1_273' title='bbox 760 3427 842 3486; x_wconf 79' lang='lat' dir='ltr'><strong>nnat</strong></span> <span class='ocrx_word' id='word_1_274' title='bbox 862 3424 1003 3505; x_wconf 78' lang='lat' dir='ltr'><strong>spatium</strong></span> <span class='ocrx_word' id='word_1_275' title='bbox 1023 3386 1198 3504; x_wconf 78' lang='lat' dir='ltr'><strong>finientur</strong></span> 
     </span>
    </p>

    <p class='ocr_par' dir='ltr' id='par_1_11' title="bbox 78 3505 1252 4278">
     <span class='ocr_line' id='line_1_36' title="bbox 167 3505 1240 3604; baseline -0.01 -28"><span class='ocrx_word' id='word_1_276' title='bbox 167 3512 205 3576; x_wconf 86' lang='lat' dir='ltr'><strong>Si</strong></span> <span class='ocrx_word' id='word_1_277' title='bbox 233 3512 314 3576; x_wconf 90' lang='lat' dir='ltr'><strong>inter</strong></span> <span class='ocrx_word' id='word_1_278' title='bbox 343 3512 514 3592; x_wconf 77' lang='lat' dir='ltr'><strong>episcopos</strong></span> <span class='ocrx_word' id='word_1_279' title='bbox 542 3511 583 3574; x_wconf 91' lang='lat' dir='ltr'><strong>de</strong></span> <span class='ocrx_word' id='word_1_280' title='bbox 612 3511 706 3574; x_wconf 89' lang='lat' dir='ltr'><strong>rebus</strong></span> <span class='ocrx_word' id='word_1_281' title='bbox 734 3509 884 3572; x_wconf 80' lang='lat' dir='ltr'><strong>terrenis</strong></span> <span class='ocrx_word' id='word_1_282' title='bbox 901 3517 957 3570; x_wconf 89' lang='lat' dir='ltr'><strong>ant</strong></span> <span class='ocrx_word' id='word_1_283' title='bbox 984 3505 1240 3604; x_wconf 79' lang='lat' dir='ltr'><strong>possessionibus</strong></span> 
     </span>
     <span class='ocr_line' id='line_1_37' title="bbox 83 3543 1247 3678; baseline -0.007 -18"><span class='ocrx_word' id='word_1_284' title='bbox 83 3543 152 3660; x_wconf 85' lang='lat' dir='ltr'><strong>snb·</strong></span> <span class='ocrx_word' id='word_1_285' title='bbox 174 3596 372 3678; x_wconf 84' lang='lat' dir='ltr'><strong>repetitionis</strong></span> <span class='ocrx_word' id='word_1_286' title='bbox 398 3605 453 3664; x_wconf 84' lang='lat' dir='ltr'><strong>ant</strong></span> <span class='ocrx_word' id='word_1_287' title='bbox 479 3593 697 3660; x_wconf 88' lang='lat' dir='ltr'><strong>retentationis</strong></span> <span class='ocrx_word' id='word_1_288' title='bbox 721 3595 821 3658; x_wconf 91' lang='lat' dir='ltr'><strong>titulo</strong></span> <span class='ocrx_word' id='word_1_289' title='bbox 839 3601 991 3658; x_wconf 88' lang='lat' dir='ltr'><strong>nascatur</strong></span> <span class='ocrx_word' id='word_1_290' title='bbox 1018 3592 1178 3670; x_wconf 80' lang='lat' dir='ltr'><strong>contentio</strong></span> <span class='ocrx_word' id='word_1_291' title='bbox 1194 3587 1247 3669; x_wconf 77' lang='lat'><strong>⁸),-</strong></span> 
     </span>
     <span class='ocr_line' id='line_1_38' title="bbox 79 3675 1252 3764; baseline -0.006 -20"><span class='ocrx_word' id='word_1_292' title='bbox 79 3684 160 3750; x_wconf 90' lang='lat' dir='ltr'><strong>intra</strong></span> <span class='ocrx_word' id='word_1_293' title='bbox 182 3681 256 3746; x_wconf 90' lang='lat' dir='ltr'><strong>anni</strong></span> <span class='ocrx_word' id='word_1_294' title='bbox 275 3685 412 3764; x_wconf 82' lang='lat' dir='ltr'><strong>spetiem</strong></span> <span class='ocrx_word' id='word_1_295' title='bbox 432 3701 487 3761; x_wconf 84' lang='lat' dir='ltr'><strong>pro</strong></span> <span class='ocrx_word' id='word_1_296' title='bbox 505 3681 611 3746; x_wconf 88' lang='lat' dir='ltr'><strong>studio</strong></span> <span class='ocrx_word' id='word_1_297' title='bbox 632 3681 783 3762; x_wconf 88' lang='lat' dir='ltr'><strong>caritatis,</strong></span> <span class='ocrx_word' id='word_1_298' title='bbox 799 3699 881 3761; x_wconf 89' lang='lat' dir='ltr'><strong>quae</strong></span> <span class='ocrx_word' id='word_1_299' title='bbox 896 3679 1021 3742; x_wconf 86' lang='lat' dir='ltr'><strong>cunctis</strong></span> <span class='ocrx_word' id='word_1_300' title='bbox 1035 3678 1132 3758; x_wconf 79' lang='lat' dir='ltr'><strong>debet</strong></span> <span class='ocrx_word' id='word_1_301' title='bbox 1144 3675 1252 3738; x_wconf 82' lang='lat' dir='ltr'><strong>rebus.</strong></span> 
     </span>
     <span class='ocr_line' id='line_1_39' title="bbox 80 3750 1241 3868; baseline -0.006 -38"><span class='ocrx_word' id='word_1_302' title='bbox 80 3769 306 3868; x_wconf 85' lang='lat' dir='ltr'><strong>temporalibus</strong></span> <span class='ocrx_word' id='word_1_303' title='bbox 331 3764 497 3849; x_wconf 87' lang='lat' dir='ltr'><strong>anteferri,</strong></span> <span class='ocrx_word' id='word_1_304' title='bbox 517 3787 581 3850; x_wconf 88' lang='lat' dir='ltr'><strong>per</strong></span> <span class='ocrx_word' id='word_1_305' title='bbox 607 3766 759 3862; x_wconf 79' lang='lat' dir='ltr'><strong>epistolas</strong></span> <span class='ocrx_word' id='word_1_306' title='bbox 789 3766 918 3830; x_wconf 85' lang='lat' dir='ltr'><strong>fratrum</strong></span> <span class='ocrx_word' id='word_1_307' title='bbox 944 3750 1121 3827; x_wconf 82' lang='lat' dir='ltr'><strong>affectuose</strong></span> <span class='ocrx_word' id='word_1_308' title='bbox 1148 3779 1241 3825; x_wconf 74' lang='lat' dir='ltr'><strong>cnm·-</strong></span> 
     </span>
     <span class='ocr_line' id='line_1_40' title="bbox 78 3847 1252 3936; baseline -0.004 -20"><span class='ocrx_word' id='word_1_309' title='bbox 78 3853 259 3936; x_wconf 71' lang='lat' dir='ltr'><strong>monitat),</strong></span> <span class='ocrx_word' id='word_1_310' title='bbox 290 3861 348 3918; x_wconf 88' lang='lat' dir='ltr'><strong>ant</strong></span> <span class='ocrx_word' id='word_1_311' title='bbox 377 3853 459 3916; x_wconf 90' lang='lat' dir='ltr'><strong>inter</strong></span> <span class='ocrx_word' id='word_1_312' title='bbox 487 3863 526 3920; x_wconf 80' lang='lat' dir='ltr'><strong>ao</strong></span> <span class='ocrx_word' id='word_1_313' title='bbox 554 3861 610 3918; x_wconf 91' lang='lat' dir='ltr'><strong>aut</strong></span> <span class='ocrx_word' id='word_1_314' title='bbox 637 3849 669 3914; x_wconf 91' lang='grc' dir='ltr'><strong>ιιι</strong></span> <span class='ocrx_word' id='word_1_315' title='bbox 697 3854 876 3932; x_wconf 88' lang='lat' dir='ltr'><strong>praesentia</strong></span> <span class='ocrx_word' id='word_1_316' title='bbox 905 3850 1074 3914; x_wconf 88' lang='lat' dir='ltr'><strong>electorum</strong></span> <span class='ocrx_word' id='word_1_317' title='bbox 1096 3847 1252 3930; x_wconf 69' lang='lat' dir='ltr'><strong>judicum:</strong></span> 
     </span>
     <span class='ocr_line' id='line_1_41' title="bbox 78 3935 1240 4022; baseline -0.003 -22"><span class='ocrx_word' id='word_1_318' title='bbox 78 3939 245 4022; x_wconf 82' lang='lat' dir='ltr'><strong>negotium</strong></span> <span class='ocrx_word' id='word_1_319' title='bbox 276 3957 389 4002; x_wconf 87' lang='lat' dir='ltr'><strong>sanare</strong></span> <span class='ocrx_word' id='word_1_320' title='bbox 421 3938 592 4002; x_wconf 73' lang='lat' dir='ltr'><strong>festinanti</strong></span> <span class='ocrx_word' id='word_1_321' title='bbox 623 3937 710 4020; x_wconf 89' lang='lat' dir='ltr'><strong>qnod</strong></span> <span class='ocrx_word' id='word_1_322' title='bbox 741 3939 770 4000; x_wconf 92' lang='lat' dir='ltr'><strong>si</strong></span> <span class='ocrx_word' id='word_1_323' title='bbox 796 3938 974 4000; x_wconf 87' lang='lat' dir='ltr'><strong>distulerint</strong></span> <span class='ocrx_word' id='word_1_324' title='bbox 985 3981 995 4016; x_wconf 94' lang='lat'><strong>,</strong></span> <span class='ocrx_word' id='word_1_325' title='bbox 1033 3935 1176 3999; x_wconf 89' lang='lat' dir='ltr'><strong>donec</strong></span> <span class='ocrx_word' id='word_1_326' title='bbox 1167 3953 1240 4016; x_wconf 79' lang='lat' dir='ltr'><strong>apsa</strong></span> 
     </span>
     <span class='ocr_line' id='line_1_42' title="bbox 79 4021 1241 4107; baseline -0.004 -20"><span class='ocrx_word' id='word_1_327' title='bbox 79 4025 228 4087; x_wconf 89' lang='lat' dir='ltr'><strong>causatio</strong></span> <span class='ocrx_word' id='word_1_328' title='bbox 261 4025 438 4107; x_wconf 85' lang='lat' dir='ltr'><strong>abrogetur</strong></span> <span class='ocrx_word' id='word_1_329' title='bbox 459 4039 480 4086; x_wconf 85' lang='lat' dir='ltr'><strong>a</strong></span> <span class='ocrx_word' id='word_1_330' title='bbox 506 4024 639 4088; x_wconf 88' lang='lat' dir='ltr'><strong>caritate</strong></span> <span class='ocrx_word' id='word_1_331' title='bbox 665 4023 811 4086; x_wconf 83' lang='lat' dir='ltr'><strong>fratrum</strong></span> <span class='ocrx_word' id='word_1_332' title='bbox 822 4023 875 4104; x_wconf 89' lang='lat' dir='ltr'><strong>qni</strong></span> <span class='ocrx_word' id='word_1_333' title='bbox 905 4022 1058 4085; x_wconf 89' lang='lat' dir='ltr'><strong>distulerit</strong></span> <span class='ocrx_word' id='word_1_334' title='bbox 1085 4021 1241 4084; x_wconf 81' lang='lat' dir='ltr'><strong>habeatur</strong></span> 
     </span>
     <span class='ocr_line' id='line_1_43' title="bbox 79 4104 1238 4206; baseline -0.004 -34"><span class='ocrx_word' id='word_1_335' title='bbox 79 4119 270 4190; x_wconf 76' lang='lat' dir='ltr'><strong>extranens,</strong></span> <span class='ocrx_word' id='word_1_336' title='bbox 296 4112 370 4193; x_wconf 83' lang='lat' dir='ltr'><strong>qnia</strong></span> <span class='ocrx_word' id='word_1_337' title='bbox 394 4107 543 4206; x_wconf 68' lang='lat' dir='ltr'><strong>injustum</strong></span> <span class='ocrx_word' id='word_1_338' title='bbox 570 4117 623 4172; x_wconf 89' lang='lat' dir='ltr'><strong>est</strong></span> <span class='ocrx_word' id='word_1_339' title='bbox 649 4117 685 4172; x_wconf 90' lang='lat' dir='ltr'><strong>ut</strong></span> <span class='ocrx_word' id='word_1_340' title='bbox 706 4110 760 4193; x_wconf 87' lang='lat' dir='ltr'><strong>qui</strong></span> <span class='ocrx_word' id='word_1_341' title='bbox 780 4107 907 4186; x_wconf 67' lang='lat' dir='ltr'><strong>canens</strong></span> <span class='ocrx_word' id='word_1_342' title='bbox 927 4115 1078 4190; x_wconf 82' lang='lat' dir='ltr'><strong>praesunt</strong></span> <span class='ocrx_word' id='word_1_343' title='bbox 1096 4104 1179 4182; x_wconf 88' lang='lat' dir='ltr'><strong>inter</strong></span> <span class='ocrx_word' id='word_1_344' title='bbox 1198 4123 1238 4180; x_wconf 78' lang='lat' dir='ltr'><strong>se</strong></span> 
     </span>
     <span class='ocr_line' id='line_1_44' title="bbox 78 4193 706 4278; baseline -0.002 -20"><span class='ocrx_word' id='word_1_345' title='bbox 78 4213 280 4278; x_wconf 89' lang='lat' dir='ltr'><strong>quacumque</strong></span> <span class='ocrx_word' id='word_1_346' title='bbox 302 4193 487 4276; x_wconf 83' lang='lat' dir='ltr'><strong>causatione</strong></span> <span class='ocrx_word' id='word_1_347' title='bbox 505 4193 706 4274; x_wconf 61' lang='lat' dir='ltr'><strong>demetiam</strong></span> 
     </span>
    </p>
   </div>
   <div class='ocr_carea' id='block_1_10' title="bbox 79 4339 283 4360">
    <p class='ocr_par' dir='ltr' id='par_1_12' title="bbox 79 4339 283 4360">
     <span class='ocr_line' id='line_1_45' title="bbox 79 4339 283 4360; baseline 0 -8"><span class='ocrx_word' id='word_1_348' title='bbox 79 4339 283 4360; x_wconf 53' lang='lat' dir='ltr'><strong>m.</strong></span> 
     </span>
    </p>
   </div>
   <div class='ocr_carea' id='block_1_11' title="bbox 47 4413 1239 4698">
    <p class='ocr_par' dir='ltr' id='par_1_13' title="bbox 47 4413 1239 4698">
     <span class='ocr_line' id='line_1_46' title="bbox 126 4413 1238 4488; baseline -0.002 -18"><span class='ocrx_word' id='word_1_349' title='bbox 126 4419 155 4488; x_wconf 86' lang='lat'><strong>¹)</strong></span> <span class='ocrx_word' id='word_1_350' title='bbox 174 4426 293 4472; x_wconf 75' lang='lat' dir='ltr'><strong>ofrmetto</strong></span> <span class='ocrx_word' id='word_1_351' title='bbox 311 4418 396 4472; x_wconf 87' lang='lat' dir='ltr'><strong>codex</strong></span> <span class='ocrx_word' id='word_1_352' title='bbox 413 4416 574 4471; x_wconf 86' lang='lat' dir='ltr'><strong>Pitlroeanos</strong></span> <span class='ocrx_word' id='word_1_353' title='bbox 592 4415 759 4470; x_wconf 86' lang='lat' dir='ltr'><strong>aSirmomlo</strong></span> <span class='ocrx_word' id='word_1_354' title='bbox 777 4413 937 4470; x_wconf 77' lang='lat' dir='ltr'><strong>citatos-</strong></span> <span class='ocrx_word' id='word_1_355' title='bbox 900 4415 990 4484; x_wconf 84' lang='lat'><strong>-²)</strong></span> <span class='ocrx_word' id='word_1_356' title='bbox 1005 4421 1037 4466; x_wconf 83' lang='lat' dir='ltr'><strong>ob</strong></span> <span class='ocrx_word' id='word_1_357' title='bbox 1053 4421 1160 4470; x_wconf 69' lang='grc' dir='ltr'><strong>ιοοιιιια</strong></span> <span class='ocrx_word' id='word_1_358' title='bbox 1177 4431 1238 4468; x_wconf 82' lang='lat' dir='ltr'><strong>mss.</strong></span> 
     </span>
     <span class='ocr_line' id='line_1_47' title="bbox 47 4486 1239 4564; baseline 0 -24"><span class='ocrx_word' id='word_1_359' title='bbox 47 4542 51 4548; x_wconf 73' lang='grc'><strong>,</strong></span> <span class='ocrx_word' id='word_1_360' title='bbox 150 4489 250 4542; x_wconf 87' lang='lat' dir='ltr'><strong>Parias.</strong></span> <span class='ocrx_word' id='word_1_361' title='bbox 246 4487 314 4564; x_wconf 91' lang='lat' dir='ltr'><strong>qui</strong></span> <span class='ocrx_word' id='word_1_362' title='bbox 333 4505 358 4542; x_wconf 89' lang='lat' dir='ltr'><strong>a</strong></span> <span class='ocrx_word' id='word_1_363' title='bbox 366 4488 544 4540; x_wconf 75' lang='lat' dir='ltr'><strong>benedictinis</strong></span> <span class='ocrx_word' id='word_1_364' title='bbox 564 4487 650 4540; x_wconf 84' lang='lat' dir='ltr'><strong>collati</strong></span> <span class='ocrx_word' id='word_1_365' title='bbox 668 4493 806 4544; x_wconf 51' lang='lat' dir='ltr'><strong>snm-at</strong></span> <span class='ocrx_word' id='word_1_366' title='bbox 815 4487 879 4556; x_wconf 72' lang='grc'><strong>8)</strong></span> <span class='ocrx_word' id='word_1_367' title='bbox 896 4494 971 4542; x_wconf 67' lang='lat' dir='ltr'><strong>diona</strong></span> <span class='ocrx_word' id='word_1_368' title='bbox 989 4501 1050 4538; x_wconf 89' lang='lat' dir='ltr'><strong>rusa.</strong></span> <span class='ocrx_word' id='word_1_369' title='bbox 1066 4486 1167 4543; x_wconf 86' lang='lat' dir='ltr'><strong>Bened.</strong></span> <span class='ocrx_word' id='word_1_370' title='bbox 1202 4513 1239 4526; x_wconf 89' lang='lat'>-</span> 
     </span>
     <span class='ocr_line' id='line_1_48' title="bbox 124 4549 1237 4626; baseline -0.006 -14.877"><span class='ocrx_word' id='word_1_371' title='bbox 124 4559 156 4626; x_wconf 99' lang='grc'><strong>4)</strong></span> <span class='ocrx_word' id='word_1_372' title='bbox 175 4573 222 4624; x_wconf 82' lang='lat' dir='ltr'><strong>nec</strong></span> <span class='ocrx_word' id='word_1_373' title='bbox 238 4567 272 4610; x_wconf 85' lang='lat' dir='ltr'><strong>ot</strong></span> <span class='ocrx_word' id='word_1_374' title='bbox 268 4567 344 4610; x_wconf 79' lang='lat' dir='ltr'><strong>saort</strong></span> <span class='ocrx_word' id='word_1_375' title='bbox 361 4577 377 4610; x_wconf 90' lang='grc' dir='ltr'><strong>ιι</strong></span> <span class='ocrx_word' id='word_1_376' title='bbox 395 4567 490 4610; x_wconf 79' lang='lat' dir='ltr'><strong>coortis</strong></span> <span class='ocrx_word' id='word_1_377' title='bbox 508 4563 630 4622; x_wconf 72' lang='lat' dir='ltr'><strong>fratribus</strong></span> <span class='ocrx_word' id='word_1_378' title='bbox 649 4566 721 4610; x_wconf 80' lang='lat' dir='ltr'><strong>debet</strong></span> <span class='ocrx_word' id='word_1_379' title='bbox 743 4549 893 4618; x_wconf 75' lang='lat' dir='ltr'><strong>punctimque</strong></span> <span class='ocrx_word' id='word_1_380' title='bbox 911 4562 1043 4608; x_wconf 84' lang='lat' dir='ltr'><strong>occostoae</strong></span> <span class='ocrx_word' id='word_1_381' title='bbox 1059 4573 1120 4610; x_wconf 89' lang='lat' dir='ltr'><strong>mss.</strong></span> <span class='ocrx_word' id='word_1_382' title='bbox 1138 4555 1237 4610; x_wconf 87' lang='lat' dir='ltr'><strong>Benod.</strong></span> 
     </span>
     <span class='ocr_line' id='line_1_49' title="bbox 125 4611 1205 4698; baseline -0.001 -17"><span class='ocrx_word' id='word_1_383' title='bbox 125 4629 156 4698; x_wconf 58' lang='grc' dir='ltr'><strong>ὅ)</strong></span> <span class='ocrx_word' id='word_1_384' title='bbox 175 4638 278 4684; x_wconf 79' lang='lat' dir='ltr'><strong>tatentto</strong></span> <span class='ocrx_word' id='word_1_385' title='bbox 297 4630 364 4695; x_wconf 79' lang='lat' dir='ltr'><strong>lte-g.</strong></span> <span class='ocrx_word' id='word_1_386' title='bbox 383 4631 424 4692; x_wconf 91' lang='lat' dir='ltr'><strong>D,</strong></span> <span class='ocrx_word' id='word_1_387' title='bbox 443 4647 472 4694; x_wconf 83' lang='lat' dir='ltr'><strong>a,</strong></span> <span class='ocrx_word' id='word_1_388' title='bbox 492 4629 544 4681; x_wconf 83' lang='lat' dir='ltr'><strong>les.</strong></span> <span class='ocrx_word' id='word_1_389' title='bbox 565 4627 593 4679; x_wconf 89' lang='grc' dir='ltr'><strong>Β.</strong></span> <span class='ocrx_word' id='word_1_390' title='bbox 632 4657 665 4666; x_wconf 81' lang='lat'><em>-</em></span> <span class='ocrx_word' id='word_1_391' title='bbox 709 4627 738 4697; x_wconf 74' lang='lat' dir='ltr'><strong>l)</strong></span> <span class='ocrx_word' id='word_1_392' title='bbox 758 4627 958 4694; x_wconf 68' lang='lat' dir='ltr'><strong>odmomttlleq.</strong></span> <span class='ocrx_word' id='word_1_393' title='bbox 976 4626 1017 4690; x_wconf 87' lang='lat' dir='ltr'><strong>D,</strong></span> <span class='ocrx_word' id='word_1_394' title='bbox 1033 4625 1086 4682; x_wconf 82' lang='lat' dir='ltr'><strong>lea.</strong></span> <span class='ocrx_word' id='word_1_395' title='bbox 1105 4611 1136 4680; x_wconf 90' lang='grc' dir='ltr'><strong>Β</strong></span> <span class='ocrx_word' id='word_1_396' title='bbox 1169 4652 1205 4676; x_wconf 84' lang='lat'><strong>.-</strong></span> 
     </span>
    </p>
   </div>
   <div class='ocr_carea' id='block_1_12' title="bbox 0 0 1440 5040">
    <p class='ocr_par' dir='ltr' id='par_1_14' title="bbox 0 0 1440 5040">
     <span class='ocr_line' id='line_1_50' title="bbox 0 0 1440 5040; baseline 0 0"><span class='ocrx_word' id='word_1_397' title='bbox 0 0 1440 5040; x_wconf 95' lang='lat' dir='ltr'><strong> </strong></span> 
     </span>
    </p>
   </div>
  </div>
 </body>
</html>
