<?xml version="1.0" encoding="UTF-8"?>
<!DOCTYPE html PUBLIC "-//W3C//DTD XHTML 1.0 Transitional//EN"
    "http://www.w3.org/TR/xhtml1/DTD/xhtml1-transitional.dtd">
<html xmlns="http://www.w3.org/1999/xhtml" xml:lang="en" lang="en">
 <head>
  <title>
</title>
<meta http-equiv="Content-Type" content="text/html;charset=utf-8" />
  <meta name='ocr-system' content='tesseract 3.04.00' />
  <meta name='ocr-capabilities' content='ocr_page ocr_carea ocr_par ocr_line ocrx_word'/>
</head>
<body>
  <div class='ocr_page' id='page_1' title='image "./canonesapostolo01brungoog_0139.png"; bbox 0 0 2858 5036; ppageno 0'>
   <div class='ocr_carea' id='block_1_1' title="bbox 343 223 1244 317">
    <p class='ocr_par' dir='ltr' id='par_1_1' title="bbox 343 223 1244 317">
     <span class='ocr_line' id='line_1_1' title="bbox 343 223 1244 317; baseline 0.009 -8"><span class='ocrx_word' id='word_1_1' title='bbox 343 223 974 312; x_wconf 59' lang='lat' dir='ltr'>&#39;commimscuntur</span> <span class='ocrx_word' id='word_1_2' title='bbox 1176 243 1244 317; x_wconf 63' lang='lat' dir='ltr'>m</span> 
     </span>
    </p>
   </div>
   <div class='ocr_carea' id='block_1_2' title="bbox 69 411 1248 776">
    <p class='ocr_par' dir='ltr' id='par_1_2' title="bbox 95 411 1247 501">
     <span class='ocr_line' id='line_1_2' title="bbox 95 411 1247 501; baseline 0.01 -31"><span class='ocrx_word' id='word_1_3' title='bbox 95 463 99 470; x_wconf 91' lang='lat'>.</span> <span class='ocrx_word' id='word_1_4' title='bbox 130 412 188 478; x_wconf 89' lang='lat' dir='ltr'>Vl.</span> <span class='ocrx_word' id='word_1_5' title='bbox 230 411 283 474; x_wconf 74' lang='lat' dir='ltr'>Ile</span> <span class='ocrx_word' id='word_1_6' title='bbox 302 413 347 478; x_wconf 74' lang='lat' dir='ltr'>rt·</span> <span class='ocrx_word' id='word_1_7' title='bbox 367 413 424 495; x_wconf 79' lang='lat' dir='ltr'>qod</span> <span class='ocrx_word' id='word_1_8' title='bbox 444 412 782 500; x_wconf 72' lang='lat' dir='ltr'>ecelesiae-mancipio</span> <span class='ocrx_word' id='word_1_9' title='bbox 804 421 959 498; x_wconf 71' lang='lat' dir='ltr'>occupasti</span> <span class='ocrx_word' id='word_1_10' title='bbox 978 417 1186 501; x_wconf 61' lang='lat' dir='ltr'>pro-artu),</span> <span class='ocrx_word' id='word_1_11' title='bbox 1243 446 1247 455; x_wconf 95' lang='lat'>·</span> 
     </span>
    </p>

    <p class='ocr_par' dir='ltr' id='par_1_3' title="bbox 167 513 1248 605">
     <span class='ocr_line' id='line_1_3' title="bbox 167 513 1248 605; baseline 0.007 -27"><span class='ocrx_word' id='word_1_12' title='bbox 167 515 205 578; x_wconf 88' lang='lat' dir='ltr'>Si</span> <span class='ocrx_word' id='word_1_13' title='bbox 232 513 303 596; x_wconf 89' lang='lat' dir='ltr'>quis</span> <span class='ocrx_word' id='word_1_14' title='bbox 334 525 443 579; x_wconf 84' lang='lat' dir='ltr'>eutem</span> <span class='ocrx_word' id='word_1_15' title='bbox 468 513 623 600; x_wconf 84' lang='lat' dir='ltr'>mancipia</span> <span class='ocrx_word' id='word_1_16' title='bbox 644 517 828 581; x_wconf 87' lang='lat' dir='ltr'>clericonuu</span> <span class='ocrx_word' id='word_1_17' title='bbox 848 536 903 599; x_wconf 91' lang='lat' dir='ltr'>pro</span> <span class='ocrx_word' id='word_1_18' title='bbox 925 521 994 584; x_wconf 80' lang='lat' dir='ltr'>acic</span> <span class='ocrx_word' id='word_1_19' title='bbox 1007 522 1177 605; x_wconf 64' lang='lat' dir='ltr'>mancipii</span> <span class='ocrx_word' id='word_1_20' title='bbox 1196 521 1248 586; x_wconf 68' lang='lat' dir='ltr'>ad</span> 
     </span>
    </p>

    <p class='ocr_par' dir='ltr' id='par_1_4' title="bbox 69 601 1240 776">
     <span class='ocr_line' id='line_1_4' title="bbox 69 601 1240 690; baseline 0.007 -25"><span class='ocrx_word' id='word_1_21' title='bbox 69 601 530 688; x_wconf 76' lang='lat' dir='ltr'>ecclesiemeonlirgientibus</span> <span class='ocrx_word' id='word_1_22' title='bbox 550 601 718 670; x_wconf 77' lang='lat' dir='ltr'>crediderit</span> <span class='ocrx_word' id='word_1_23' title='bbox 738 603 952 690; x_wconf 73' lang='lat' dir='ltr'>occupanda,</span> <span class='ocrx_word' id='word_1_24' title='bbox 971 626 1028 690; x_wconf 85' lang='lat' dir='ltr'>per</span> <span class='ocrx_word' id='word_1_25' title='bbox 1047 627 1159 678; x_wconf 83' lang='lat' dir='ltr'>omnes</span> <span class='ocrx_word' id='word_1_26' title='bbox 1180 627 1240 676; x_wconf 88' lang='lat' dir='ltr'>oc-</span> 
     </span>
     <span class='ocr_line' id='line_1_5' title="bbox 69 685 1160 776; baseline 0.005 -24"><span class='ocrx_word' id='word_1_27' title='bbox 69 686 199 752; x_wconf 85' lang='lat' dir='ltr'>clesios</span> <span class='ocrx_word' id='word_1_28' title='bbox 224 685 455 776; x_wconf 82' lang='lat' dir='ltr'>districtissima</span> <span class='ocrx_word' id='word_1_29' title='bbox 475 687 675 752; x_wconf 75' lang='lat' dir='ltr'><strong>damnatione</strong></span> <span class='ocrx_word' id='word_1_30' title='bbox 697 689 833 755; x_wconf 86' lang='lat' dir='ltr'>ferietur.</span> <span class='ocrx_word' id='word_1_31' title='bbox 923 751 926 760; x_wconf 89' lang='grc'>,</span> <span class='ocrx_word' id='word_1_32' title='bbox 1156 693 1160 700; x_wconf 84' lang='grc'>’</span> 
     </span>
    </p>
   </div>
   <div class='ocr_carea' id='block_1_3' title="bbox 69 805 1248 1316">
    <p class='ocr_par' dir='ltr' id='par_1_5' title="bbox 69 805 1236 975">
     <span class='ocr_line' id='line_1_6' title="bbox 69 805 1236 894; baseline 0.005 -20"><span class='ocrx_word' id='word_1_33' title='bbox 69 808 148 874; x_wconf 86' lang='lat' dir='ltr'>vu.</span> <span class='ocrx_word' id='word_1_34' title='bbox 179 805 231 873; x_wconf 80' lang='lat' dir='ltr'>De</span> <span class='ocrx_word' id='word_1_35' title='bbox 254 809 456 870; x_wconf 71' lang='lat' dir='ltr'><strong><em>manumissis</em></strong></span> <span class='ocrx_word' id='word_1_36' title='bbox 476 809 512 872; x_wconf 81' lang='lat' dir='ltr'>in</span> <span class='ocrx_word' id='word_1_37' title='bbox 533 807 668 884; x_wconf 79' lang='lat' dir='ltr'>ccclesia</span> <span class='ocrx_word' id='word_1_38' title='bbox 689 809 741 872; x_wconf 84' lang='lat' dir='ltr'>vel</span> <span class='ocrx_word' id='word_1_39' title='bbox 758 809 913 876; x_wconf 71' lang='lat' dir='ltr'>arcuatae</span> <span class='ocrx_word' id='word_1_40' title='bbox 926 831 990 894; x_wconf 80' lang='lat' dir='ltr'>per</span> <span class='ocrx_word' id='word_1_41' title='bbox 1007 817 1236 880; x_wconf 80' lang='lat' dir='ltr'>testamentum</span> 
     </span>
     <span class='ocr_line' id='line_1_7' title="bbox 511 893 1165 975; baseline 0.006 -19"><span class='ocrx_word' id='word_1_42' title='bbox 511 893 798 975; x_wconf 65' lang='lat' dir='ltr'>commendatw).</span> <span class='ocrx_word' id='word_1_43' title='bbox 1162 943 1165 950; x_wconf 70' lang='lat'>,</span> 
     </span>
    </p>

    <p class='ocr_par' dir='ltr' id='par_1_6' title="bbox 74 977 1248 1316">
     <span class='ocr_line' id='line_1_8' title="bbox 175 977 1248 1062; baseline 0.008 -20"><span class='ocrx_word' id='word_1_44' title='bbox 175 980 211 1042; x_wconf 91' lang='lat' dir='ltr'>Iu</span> <span class='ocrx_word' id='word_1_45' title='bbox 242 977 381 1048; x_wconf 82' lang='lat' dir='ltr'>ecclesia</span> <span class='ocrx_word' id='word_1_46' title='bbox 410 982 623 1044; x_wconf 75' lang='lat' dir='ltr'>manumissos</span> <span class='ocrx_word' id='word_1_47' title='bbox 650 983 703 1044; x_wconf 86' lang='lat' dir='ltr'>vel</span> <span class='ocrx_word' id='word_1_48' title='bbox 736 1001 793 1062; x_wconf 89' lang='lat' dir='ltr'>per</span> <span class='ocrx_word' id='word_1_49' title='bbox 821 989 1049 1056; x_wconf 70' lang='lat' dir='ltr'>testamentum</span> <span class='ocrx_word' id='word_1_50' title='bbox 1077 986 1248 1051; x_wconf 89' lang='lat' dir='ltr'>ecclesiae.</span> 
     </span>
     <span class='ocr_line' id='line_1_9' title="bbox 77 1063 1239 1150; baseline 0.007 -20"><span class='ocrx_word' id='word_1_51' title='bbox 77 1063 318 1130; x_wconf 80' lang='lat' dir='ltr'>commendatos</span> <span class='ocrx_word' id='word_1_52' title='bbox 351 1065 381 1127; x_wconf 92' lang='lat' dir='ltr'>si</span> <span class='ocrx_word' id='word_1_53' title='bbox 418 1063 491 1146; x_wconf 91' lang='lat' dir='ltr'>quis</span> <span class='ocrx_word' id='word_1_54' title='bbox 528 1066 561 1128; x_wconf 94' lang='lat' dir='ltr'>in</span> <span class='ocrx_word' id='word_1_55' title='bbox 577 1065 778 1130; x_wconf 83' lang='lat' dir='ltr'>&#39;servitutem</span> <span class='ocrx_word' id='word_1_56' title='bbox 809 1069 863 1130; x_wconf 89' lang='lat' dir='ltr'>vel</span> <span class='ocrx_word' id='word_1_57' title='bbox 895 1068 1079 1150; x_wconf 70' lang='lat' dir='ltr'>obsequium</span> <span class='ocrx_word' id='word_1_58' title='bbox 1110 1072 1164 1134; x_wconf 90' lang='lat' dir='ltr'>vel</span> <span class='ocrx_word' id='word_1_59' title='bbox 1197 1069 1239 1138; x_wconf 78' lang='lat' dir='ltr'>ad</span> 
     </span>
     <span class='ocr_line' id='line_1_10' title="bbox 74 1147 1246 1236; baseline 0.005 -20"><span class='ocrx_word' id='word_1_60' title='bbox 74 1153 268 1216; x_wconf 87' lang='lat' dir='ltr'>colonariam</span> <span class='ocrx_word' id='word_1_61' title='bbox 299 1147 510 1218; x_wconf 86' lang='lat' dir='ltr'>conditionem</span> <span class='ocrx_word' id='word_1_62' title='bbox 540 1152 714 1234; x_wconf 78' lang='lat' dir='ltr'>imprimere</span> <span class='ocrx_word' id='word_1_63' title='bbox 740 1156 935 1236; x_wconf 80' lang='lat' dir='ltr'>tentaverit,</span> <span class='ocrx_word' id='word_1_64' title='bbox 966 1153 1246 1222; x_wconf 82' lang='lat' dir='ltr'>animadversione·</span> 
     </span>
     <span class='ocr_line' id='line_1_11' title="bbox 74 1234 575 1316; baseline -0.004 -16"><span class='ocrx_word' id='word_1_65' title='bbox 74 1234 304 1302; x_wconf 82' lang='lat' dir='ltr'>ecclesiastica</span> <span class='ocrx_word' id='word_1_66' title='bbox 326 1243 510 1302; x_wconf 73' lang='lat' dir='ltr'>coercemur</span> <span class='ocrx_word' id='word_1_67' title='bbox 523 1236 575 1316; x_wconf 53' lang='lat'>³),</span> 
     </span>
    </p>
   </div>
   <div class='ocr_carea' id='block_1_4' title="bbox 74 1343 1247 1780">
    <p class='ocr_par' dir='ltr' id='par_1_7' title="bbox 74 1343 1231 1441">
     <span class='ocr_line' id='line_1_12' title="bbox 74 1343 1231 1441; baseline 0.003 -21"><span class='ocrx_word' id='word_1_68' title='bbox 74 1358 165 1420; x_wconf 85' lang='lat' dir='ltr'><strong>VIII.</strong></span> <span class='ocrx_word' id='word_1_69' title='bbox 193 1355 233 1419; x_wconf 85' lang='lat' dir='ltr'>Si</span> <span class='ocrx_word' id='word_1_70' title='bbox 249 1358 319 1440; x_wconf 83' lang='lat' dir='ltr'>quis</span> <span class='ocrx_word' id='word_1_71' title='bbox 335 1353 415 1417; x_wconf 72' lang='lat' dir='ltr'>atita·</span> <span class='ocrx_word' id='word_1_72' title='bbox 429 1355 653 1440; x_wconf 74' lang='lat' dir='ltr'>coarisiontem</span> <span class='ocrx_word' id='word_1_73' title='bbox 668 1353 818 1418; x_wconf 76' lang='lat' dir='ltr'>clericum</span> <span class='ocrx_word' id='word_1_74' title='bbox 833 1355 1045 1420; x_wconf 79' lang='lat' dir='ltr'>ordinandum</span> <span class='ocrx_word' id='word_1_75' title='bbox 1053 1343 1186 1441; x_wconf 77' lang='lat' dir='ltr'>parturit</span> <span class='ocrx_word' id='word_1_76' title='bbox 1196 1349 1231 1441; x_wconf 73' lang='lat' dir='ltr'>‘J&#39;</span> 
     </span>
    </p>

    <p class='ocr_par' dir='ltr' id='par_1_8' title="bbox 76 1457 1247 1780">
     <span class='ocr_line' id='line_1_13' title="bbox 167 1457 1247 1544; baseline 0.006 -22"><span class='ocrx_word' id='word_1_77' title='bbox 167 1458 205 1522; x_wconf 84' lang='lat' dir='ltr'>Si</span> <span class='ocrx_word' id='word_1_78' title='bbox 234 1459 304 1540; x_wconf 91' lang='lat' dir='ltr'>quis</span> <span class='ocrx_word' id='word_1_79' title='bbox 330 1457 404 1520; x_wconf 80' lang='lat' dir='ltr'>otti</span> <span class='ocrx_word' id='word_1_80' title='bbox 431 1458 659 1524; x_wconf 77' lang='lat' dir='ltr'>consistentem</span> <span class='ocrx_word' id='word_1_81' title='bbox 673 1458 708 1537; x_wconf 76' lang='lat'>⁵)</span> <span class='ocrx_word' id='word_1_82' title='bbox 735 1458 885 1522; x_wconf 87' lang='lat' dir='ltr'>clericum</span> <span class='ocrx_word' id='word_1_83' title='bbox 913 1459 1115 1524; x_wconf 77' lang='lat' dir='ltr'>ordinandum</span> <span class='ocrx_word' id='word_1_84' title='bbox 1143 1471 1247 1544; x_wconf 63' lang='lat' dir='ltr'>puta*</span> 
     </span>
     <span class='ocr_line' id='line_1_14' title="bbox 76 1541 1241 1626; baseline 0.006 -21"><span class='ocrx_word' id='word_1_85' title='bbox 76 1547 177 1624; x_wconf 89' lang='lat' dir='ltr'>verit,</span> <span class='ocrx_word' id='word_1_86' title='bbox 198 1543 284 1624; x_wconf 88' lang='lat' dir='ltr'>prius</span> <span class='ocrx_word' id='word_1_87' title='bbox 304 1541 432 1614; x_wconf 78' lang='lat' dir='ltr'>definiat</span> <span class='ocrx_word' id='word_1_88' title='bbox 454 1551 490 1606; x_wconf 90' lang='lat' dir='ltr'>ut</span> <span class='ocrx_word' id='word_1_89' title='bbox 510 1563 582 1608; x_wconf 88' lang='lat' dir='ltr'>cum</span> <span class='ocrx_word' id='word_1_90' title='bbox 603 1541 673 1625; x_wconf 89' lang='lat' dir='ltr'>ipso</span> <span class='ocrx_word' id='word_1_91' title='bbox 696 1544 827 1607; x_wconf 87' lang='lat' dir='ltr'>habitet.</span> <span class='ocrx_word' id='word_1_92' title='bbox 865 1541 921 1608; x_wconf 89' lang='lat' dir='ltr'>Sic</span> <span class='ocrx_word' id='word_1_93' title='bbox 940 1565 1068 1626; x_wconf 89' lang='lat' dir='ltr'>quoque</span> <span class='ocrx_word' id='word_1_94' title='bbox 1087 1567 1151 1610; x_wconf 88' lang='lat' dir='ltr'>non</span> <span class='ocrx_word' id='word_1_95' title='bbox 1171 1551 1241 1612; x_wconf 88' lang='lat' dir='ltr'>siue</span> 
     </span>
     <span class='ocr_line' id='line_1_15' title="bbox 77 1627 1241 1780; baseline 0.005 -88"><span class='ocrx_word' id='word_1_96' title='bbox 77 1631 313 1706; x_wconf 77' lang='lat' dir='ltr'>consultatione</span> <span class='ocrx_word' id='word_1_97' title='bbox 342 1627 413 1709; x_wconf 88' lang='lat' dir='ltr'>ejus</span> <span class='ocrx_word' id='word_1_98' title='bbox 443 1630 586 1712; x_wconf 86' lang='lat' dir='ltr'>episcopi</span> <span class='ocrx_word' id='word_1_99' title='bbox 614 1649 685 1693; x_wconf 88' lang='lat' dir='ltr'>cum</span> <span class='ocrx_word' id='word_1_100' title='bbox 717 1648 778 1780; x_wconf 62' lang='lat' dir='ltr'>quo</span> <span class='ocrx_word' id='word_1_101' title='bbox 812 1637 887 1690; x_wconf 86' lang='lat' dir='ltr'>ante</span> <span class='ocrx_word' id='word_1_102' title='bbox 914 1630 1086 1716; x_wconf 81' lang='lat' dir='ltr'>habitavit,</span> <span class='ocrx_word' id='word_1_103' title='bbox 1119 1653 1191 1698; x_wconf 88' lang='lat' dir='ltr'>eum</span> <span class='ocrx_word' id='word_1_104' title='bbox 1206 1633 1241 1714; x_wconf 79' lang='lat'>⁶)</span> 
     </span>
    </p>
   </div>
   <div class='ocr_carea' id='block_1_5' title="bbox 77 1707 1242 1883">
    <p class='ocr_par' dir='ltr' id='par_1_9' title="bbox 77 1707 1242 1883">
     <span class='ocr_line' id='line_1_16' title="bbox 77 1707 1242 1796; baseline 0.005 -19"><span class='ocrx_word' id='word_1_105' title='bbox 77 1717 135 1796; x_wconf 93' lang='lat' dir='ltr'>qui</span> <span class='ocrx_word' id='word_1_106' title='bbox 168 1715 303 1780; x_wconf 78' lang='lat' dir='ltr'>fortasse</span> <span class='ocrx_word' id='word_1_107' title='bbox 329 1723 391 1776; x_wconf 87' lang='lat' dir='ltr'>non</span> <span class='ocrx_word' id='word_1_108' title='bbox 418 1717 488 1778; x_wconf 84' lang='lat' dir='ltr'>sine</span> <span class='ocrx_word' id='word_1_109' title='bbox 509 1721 608 1782; x_wconf 81' lang='lat' dir='ltr'>cause</span> <span class='ocrx_word' id='word_1_110' title='bbox 628 1714 722 1786; x_wconf 78' lang='lat' dir='ltr'>diue</span> <span class='ocrx_word' id='word_1_111' title='bbox 764 1707 825 1779; x_wconf 87' lang='lat' dir='ltr'>alio</span> <span class='ocrx_word' id='word_1_112' title='bbox 848 1713 1092 1781; x_wconf 72' lang='lat' dir='ltr'>ordinaturum</span> <span class='ocrx_word' id='word_1_113' title='bbox 1114 1727 1167 1784; x_wconf 84' lang='lat' dir='ltr'>est</span> <span class='ocrx_word' id='word_1_114' title='bbox 1187 1739 1242 1783; x_wconf 88' lang='lat' dir='ltr'>or·</span> 
     </span>
     <span class='ocr_line' id='line_1_17' title="bbox 78 1801 715 1883; baseline -0.003 -20"><span class='ocrx_word' id='word_1_115' title='bbox 78 1801 192 1864; x_wconf 85' lang='lat' dir='ltr'>dirrare</span> <span class='ocrx_word' id='word_1_116' title='bbox 212 1807 401 1883; x_wconf 82' lang='lat' dir='ltr'>praesumat</span> <span class='ocrx_word' id='word_1_117' title='bbox 711 1803 715 1810; x_wconf 87' lang='lat'>&#39;</span> 
     </span>
    </p>
   </div>
   <div class='ocr_carea' id='block_1_6' title="bbox 170 1903 1243 2101">
    <p class='ocr_par' dir='ltr' id='par_1_10' title="bbox 170 1903 1243 2101">
     <span class='ocr_line' id='line_1_18' title="bbox 254 1903 1160 2002; baseline -0.001 -22"><span class='ocrx_word' id='word_1_118' title='bbox 254 1918 334 1980; x_wconf 68' lang='lat' dir='ltr'>tx,</span> <span class='ocrx_word' id='word_1_119' title='bbox 355 1917 428 1980; x_wconf 35' lang='lat' dir='ltr'>rDc</span> <span class='ocrx_word' id='word_1_120' title='bbox 447 1921 494 1981; x_wconf 79' lang='lat' dir='ltr'>iio</span> <span class='ocrx_word' id='word_1_121' title='bbox 514 1921 569 2002; x_wconf 76' lang='lat' dir='ltr'>qur·</span> <span class='ocrx_word' id='word_1_122' title='bbox 590 1907 712 1981; x_wconf 75' lang='lat' dir='ltr'>clienta</span> <span class='ocrx_word' id='word_1_123' title='bbox 734 1921 820 1981; x_wconf 79' lang='lat' dir='ltr'>cioca</span> <span class='ocrx_word' id='word_1_124' title='bbox 842 1903 994 1980; x_wconf 73' lang='lat' dir='ltr'>ordinant</span> <span class='ocrx_word' id='word_1_125' title='bbox 1008 1917 1052 1998; x_wconf 68' lang='grc' dir='ltr'>τ).</span> <span class='ocrx_word' id='word_1_126' title='bbox 1146 1909 1160 1962; x_wconf 63' lang='grc'>-’</span> 
     </span>
     <span class='ocr_line' id='line_1_19' title="bbox 170 2017 1243 2101; baseline 0.001 -20"><span class='ocrx_word' id='word_1_127' title='bbox 170 2019 207 2082; x_wconf 88' lang='lat' dir='ltr'>Si</span> <span class='ocrx_word' id='word_1_128' title='bbox 235 2022 288 2101; x_wconf 93' lang='lat' dir='ltr'>qui</span> <span class='ocrx_word' id='word_1_129' title='bbox 315 2029 422 2082; x_wconf 89' lang='lat' dir='ltr'>autem</span> <span class='ocrx_word' id='word_1_130' title='bbox 447 2022 570 2082; x_wconf 81' lang='lat' dir='ltr'>alienos</span> <span class='ocrx_word' id='word_1_131' title='bbox 598 2017 689 2082; x_wconf 77' lang='lat' dir='ltr'>ciues</span> <span class='ocrx_word' id='word_1_132' title='bbox 711 2028 767 2082; x_wconf 86' lang='lat' dir='ltr'>aut</span> <span class='ocrx_word' id='word_1_133' title='bbox 787 2020 861 2098; x_wconf 83' lang='lat' dir='ltr'>tlibi</span> <span class='ocrx_word' id='word_1_134' title='bbox 882 2021 1096 2082; x_wconf 86' lang='lat' dir='ltr'>consistentes</span> <span class='ocrx_word' id='word_1_135' title='bbox 1116 2017 1243 2082; x_wconf 81' lang='lat' dir='ltr'>ordina-</span> 
     </span>
    </p>
   </div>
   <div class='ocr_carea' id='block_1_7' title="bbox 79 2104 1248 2274">
    <p class='ocr_par' dir='ltr' id='par_1_11' title="bbox 79 2104 1248 2274">
     <span class='ocr_line' id='line_1_20' title="bbox 80 2104 1243 2187; baseline -0.001 -20"><span class='ocrx_word' id='word_1_136' title='bbox 80 2106 199 2185; x_wconf 81' lang='lat' dir='ltr'>verint,</span> <span class='ocrx_word' id='word_1_137' title='bbox 222 2125 281 2168; x_wconf 87' lang='lat' dir='ltr'>nec</span> <span class='ocrx_word' id='word_1_138' title='bbox 303 2104 437 2167; x_wconf 87' lang='lat' dir='ltr'>ordinati</span> <span class='ocrx_word' id='word_1_139' title='bbox 458 2107 489 2166; x_wconf 91' lang='lat' dir='ltr'>in</span> <span class='ocrx_word' id='word_1_140' title='bbox 509 2106 572 2167; x_wconf 88' lang='lat' dir='ltr'>ullo</span> <span class='ocrx_word' id='word_1_141' title='bbox 595 2105 849 2187; x_wconf 75' lang='lat' dir='ltr'>accusantur³)‚</span> <span class='ocrx_word' id='word_1_142' title='bbox 870 2111 925 2167; x_wconf 86' lang='lat' dir='ltr'>aut</span> <span class='ocrx_word' id='word_1_143' title='bbox 946 2104 986 2167; x_wconf 87' lang='lat' dir='ltr'>ad</span> <span class='ocrx_word' id='word_1_144' title='bbox 1007 2121 1047 2166; x_wconf 85' lang='lat' dir='ltr'>se</span> <span class='ocrx_word' id='word_1_145' title='bbox 1066 2119 1125 2168; x_wconf 80' lang='lat' dir='ltr'>cos</span> <span class='ocrx_word' id='word_1_146' title='bbox 1145 2123 1243 2166; x_wconf 89' lang='lat' dir='ltr'>revo-</span> 
     </span>
     <span class='ocr_line' id='line_1_21' title="bbox 79 2187 1248 2274; baseline 0 -20"><span class='ocrx_word' id='word_1_147' title='bbox 79 2199 161 2254; x_wconf 88' lang='lat' dir='ltr'>cent</span> <span class='ocrx_word' id='word_1_148' title='bbox 182 2199 238 2254; x_wconf 87' lang='lat' dir='ltr'>aut</span> <span class='ocrx_word' id='word_1_149' title='bbox 257 2193 391 2274; x_wconf 77' lang='lat' dir='ltr'>gratiam</span> <span class='ocrx_word' id='word_1_150' title='bbox 411 2189 490 2272; x_wconf 85' lang='lat' dir='ltr'>ipsis</span> <span class='ocrx_word' id='word_1_151' title='bbox 500 2191 536 2269; x_wconf 81' lang='lat'>⁰)</span> <span class='ocrx_word' id='word_1_152' title='bbox 554 2190 851 2273; x_wconf 77' lang='lat' dir='ltr'>eorum³irnpetrent</span> <span class='ocrx_word' id='word_1_153' title='bbox 870 2206 944 2255; x_wconf 85' lang='lat' dir='ltr'>curn</span> <span class='ocrx_word' id='word_1_154' title='bbox 959 2187 1071 2274; x_wconf 75' lang='lat' dir='ltr'>quibus</span> <span class='ocrx_word' id='word_1_155' title='bbox 1089 2189 1248 2254; x_wconf 67' lang='lat' dir='ltr'>habitant:</span> 
     </span>
    </p>
   </div>
   <div class='ocr_carea' id='block_1_8' title="bbox 79 2327 1250 3712">
    <p class='ocr_par' dir='ltr' id='par_1_12' title="bbox 79 2327 1247 2414">
     <span class='ocr_line' id='line_1_22' title="bbox 79 2327 1247 2414; baseline 0.005 -22"><span class='ocrx_word' id='word_1_156' title='bbox 79 2332 122 2398; x_wconf 78' lang='lat' dir='ltr'>X.</span> <span class='ocrx_word' id='word_1_157' title='bbox 155 2327 197 2392; x_wconf 71' lang='lat' dir='ltr'>Sa·</span> <span class='ocrx_word' id='word_1_158' title='bbox 211 2332 281 2414; x_wconf 73' lang='lat' dir='ltr'>perio</span> <span class='ocrx_word' id='word_1_159' title='bbox 295 2327 461 2395; x_wconf 82' lang='lat' dir='ltr'>ecclesiam</span> <span class='ocrx_word' id='word_1_160' title='bbox 475 2329 511 2393; x_wconf 81' lang='lat' dir='ltr'>in</span> <span class='ocrx_word' id='word_1_161' title='bbox 523 2328 812 2404; x_wconf 60' lang='lat' dir='ltr'>commoditatis</span> <span class='ocrx_word' id='word_1_162' title='bbox 827 2333 992 2406; x_wconf 70' lang='lat' dir='ltr'>territorio</span> <span class='ocrx_word' id='word_1_163' title='bbox 1007 2333 1159 2414; x_wconf 80' lang='lat' dir='ltr'>aedificet</span> <span class='ocrx_word' id='word_1_164' title='bbox 1176 2329 1247 2412; x_wconf 62' lang='lat'>¹⁰2,</span> 
     </span>
    </p>

    <p class='ocr_par' dir='ltr' id='par_1_13' title="bbox 84 2431 1250 3712">
     <span class='ocr_line' id='line_1_23' title="bbox 174 2431 1246 2514; baseline 0.006 -20"><span class='ocrx_word' id='word_1_165' title='bbox 174 2431 211 2494; x_wconf 87' lang='lat' dir='ltr'>Si</span> <span class='ocrx_word' id='word_1_166' title='bbox 225 2433 295 2514; x_wconf 89' lang='lat' dir='ltr'>quis</span> <span class='ocrx_word' id='word_1_167' title='bbox 311 2432 527 2513; x_wconf 88' lang='lat' dir='ltr'>episcoporum</span> <span class='ocrx_word' id='word_1_168' title='bbox 541 2432 573 2492; x_wconf 92' lang='lat' dir='ltr'>iu</span> <span class='ocrx_word' id='word_1_169' title='bbox 593 2433 722 2494; x_wconf 82' lang='lat' dir='ltr'>eliense.</span> <span class='ocrx_word' id='word_1_170' title='bbox 734 2433 881 2508; x_wconf 69' lang='lat' dir='ltr'>cumaeo</span> <span class='ocrx_word' id='word_1_171' title='bbox 898 2432 1050 2496; x_wconf 81' lang='lat' dir='ltr'>territorio</span> <span class='ocrx_word' id='word_1_172' title='bbox 1071 2435 1246 2500; x_wconf 66' lang='lat' dir='ltr'>acetosum</span> 
     </span>
     <span class='ocr_line' id='line_1_24' title="bbox 87 2514 1248 2600; baseline 0.004 -21"><span class='ocrx_word' id='word_1_173' title='bbox 87 2515 257 2583; x_wconf 79' lang='lat' dir='ltr'>aedificare</span> <span class='ocrx_word' id='word_1_174' title='bbox 287 2516 439 2599; x_wconf 85' lang='lat' dir='ltr'>disponit,</span> <span class='ocrx_word' id='word_1_175' title='bbox 467 2517 520 2578; x_wconf 86' lang='lat' dir='ltr'>vel</span> <span class='ocrx_word' id='word_1_176' title='bbox 540 2535 598 2598; x_wconf 87' lang='lat' dir='ltr'>pro</span> <span class='ocrx_word' id='word_1_177' title='bbox 617 2516 704 2580; x_wconf 84' lang='lat' dir='ltr'>fundi</span> <span class='ocrx_word' id='word_1_178' title='bbox 725 2518 777 2579; x_wconf 88' lang='lat' dir='ltr'>sui</span> <span class='ocrx_word' id='word_1_179' title='bbox 796 2514 1002 2600; x_wconf 70' lang='lat' dir='ltr'>negotio-qut</span> <span class='ocrx_word' id='word_1_180' title='bbox 1022 2517 1248 2594; x_wconf 75' lang='lat' dir='ltr'>ecclesiastice</span> 
     </span>
     <span class='ocr_line' id='line_1_25' title="bbox 85 2599 1244 2684; baseline -0.003 -20"><span class='ocrx_word' id='word_1_181' title='bbox 85 2603 223 2666; x_wconf 87' lang='lat' dir='ltr'>utilitate</span> <span class='ocrx_word' id='word_1_182' title='bbox 249 2603 305 2664; x_wconf 88' lang='lat' dir='ltr'>vel</span> <span class='ocrx_word' id='word_1_183' title='bbox 331 2621 387 2683; x_wconf 92' lang='lat' dir='ltr'>pro</span> <span class='ocrx_word' id='word_1_184' title='bbox 416 2619 614 2682; x_wconf 82' lang='lat' dir='ltr'>quocumque</span> <span class='ocrx_word' id='word_1_185' title='bbox 644 2599 773 2679; x_wconf 63' lang='lat' dir='ltr'>suan)</span> <span class='ocrx_word' id='word_1_186' title='bbox 802 2599 1015 2683; x_wconf 82' lang='lat' dir='ltr'>opportunitet</span> <span class='ocrx_word' id='word_1_187' title='bbox 1041 2647 1051 2684; x_wconf 93' lang='lat'>,</span> <span class='ocrx_word' id='word_1_188' title='bbox 1088 2603 1244 2682; x_wconf 76' lang='lat' dir='ltr'>penulasa</span> 
     </span>
     <span class='ocr_line' id='line_1_26' title="bbox 84 2683 1241 2772; baseline 0 -21"><span class='ocrx_word' id='word_1_189' title='bbox 84 2690 215 2752; x_wconf 90' lang='lat' dir='ltr'>licentia</span> <span class='ocrx_word' id='word_1_190' title='bbox 241 2687 444 2766; x_wconf 84' lang='lat' dir='ltr'>aedificandi,</span> <span class='ocrx_word' id='word_1_191' title='bbox 471 2683 806 2768; x_wconf 77' lang='lat' dir='ltr'>quiaprohttere12)</span> <span class='ocrx_word' id='word_1_192' title='bbox 834 2686 896 2750; x_wconf 85' lang='lat' dir='ltr'>hoo</span> <span class='ocrx_word' id='word_1_193' title='bbox 924 2693 981 2747; x_wconf 86' lang='lat' dir='ltr'>vot</span> <span class='ocrx_word' id='word_1_194' title='bbox 1044 2687 1151 2750; x_wconf 74' lang='lat' dir='ltr'>,nelos</span> <span class='ocrx_word' id='word_1_195' title='bbox 1180 2699 1241 2772; x_wconf 85' lang='lat' dir='ltr'>est,</span> 
     </span>
     <span class='ocr_line' id='line_1_27' title="bbox 84 2767 1247 2856; baseline 0.002 -20"><span class='ocrx_word' id='word_1_196' title='bbox 84 2795 151 2837; x_wconf 79' lang='lat' dir='ltr'>nort</span> <span class='ocrx_word' id='word_1_197' title='bbox 173 2783 354 2856; x_wconf 83' lang='lat' dir='ltr'>praesumat</span> <span class='ocrx_word' id='word_1_198' title='bbox 375 2769 613 2853; x_wconf 85' lang='lat' dir='ltr'>dedicationem,</span> <span class='ocrx_word' id='word_1_199' title='bbox 638 2789 721 2854; x_wconf 89' lang='lat' dir='ltr'>quae</span> <span class='ocrx_word' id='word_1_200' title='bbox 742 2767 786 2833; x_wconf 93' lang='lat' dir='ltr'>illi</span> <span class='ocrx_word' id='word_1_201' title='bbox 807 2769 992 2834; x_wconf 89' lang='lat' dir='ltr'>omnimodis</span> <span class='ocrx_word' id='word_1_202' title='bbox 1011 2782 1192 2836; x_wconf 81' lang='lat' dir='ltr'>reservatur</span> <span class='ocrx_word' id='word_1_203' title='bbox 1210 2776 1247 2838; x_wconf 90' lang='lat' dir='ltr'>iu</span> 
     </span>
     <span class='ocr_line' id='line_1_28' title="bbox 86 2857 1242 2943; baseline -0.003 -19"><span class='ocrx_word' id='word_1_204' title='bbox 86 2860 182 2941; x_wconf 83' lang='lat' dir='ltr'>cujtrs</span> <span class='ocrx_word' id='word_1_205' title='bbox 200 2859 352 2923; x_wconf 83' lang='lat' dir='ltr'>territorio</span> <span class='ocrx_word' id='word_1_206' title='bbox 370 2857 509 2922; x_wconf 81' lang='lat' dir='ltr'>ecclesie</span> <span class='ocrx_word' id='word_1_207' title='bbox 523 2858 672 2940; x_wconf 83' lang='lat' dir='ltr'>assurgit,</span> <span class='ocrx_word' id='word_1_208' title='bbox 694 2866 858 2920; x_wconf 87' lang='lat' dir='ltr'>reservata</span> <span class='ocrx_word' id='word_1_209' title='bbox 880 2857 1071 2928; x_wconf 74' lang='lat' dir='ltr'>aedificatori</span> <span class='ocrx_word' id='word_1_210' title='bbox 1092 2861 1242 2943; x_wconf 84' lang='lat' dir='ltr'>episeopo</span> 
     </span>
     <span class='ocr_line' id='line_1_29' title="bbox 86 2939 1243 3029; baseline 0.002 -20"><span class='ocrx_word' id='word_1_211' title='bbox 86 2948 152 3010; x_wconf 87' lang='lat' dir='ltr'>hac</span> <span class='ocrx_word' id='word_1_212' title='bbox 174 2947 294 3029; x_wconf 80' lang='lat' dir='ltr'>gratia,</span> <span class='ocrx_word' id='word_1_213' title='bbox 322 2953 356 3007; x_wconf 88' lang='lat' dir='ltr'>ut</span> <span class='ocrx_word' id='word_1_214' title='bbox 377 2962 457 3026; x_wconf 87' lang='lat' dir='ltr'>quos</span> <span class='ocrx_word' id='word_1_215' title='bbox 478 2942 636 3006; x_wconf 86' lang='lat' dir='ltr'>desiderat</span> <span class='ocrx_word' id='word_1_216' title='bbox 657 2944 790 3006; x_wconf 86' lang='lat' dir='ltr'>clericos</span> <span class='ocrx_word' id='word_1_217' title='bbox 809 2941 842 3006; x_wconf 90' lang='lat' dir='ltr'>iu</span> <span class='ocrx_word' id='word_1_218' title='bbox 863 2962 898 3006; x_wconf 88' lang='lat' dir='ltr'>re</span> <span class='ocrx_word' id='word_1_219' title='bbox 919 2962 980 3006; x_wconf 85' lang='lat' dir='ltr'>sua</span> <span class='ocrx_word' id='word_1_220' title='bbox 1000 2939 1125 3026; x_wconf 68' lang='lat' dir='ltr'>uidere,</span> <span class='ocrx_word' id='word_1_221' title='bbox 1153 2947 1243 3026; x_wconf 88' lang='lat' dir='ltr'>ipsos</span> 
     </span>
     <span class='ocr_line' id='line_1_30' title="bbox 88 3026 1246 3112; baseline 0.002 -18"><span class='ocrx_word' id='word_1_222' title='bbox 88 3030 263 3096; x_wconf 87' lang='lat' dir='ltr'>ordinetis</span> <span class='ocrx_word' id='word_1_223' title='bbox 286 3029 377 3111; x_wconf 86' lang='lat' dir='ltr'>cujus</span> <span class='ocrx_word' id='word_1_224' title='bbox 398 3026 582 3092; x_wconf 87' lang='lat' dir='ltr'>tenitorium</span> <span class='ocrx_word' id='word_1_225' title='bbox 603 3035 671 3109; x_wconf 88' lang='lat' dir='ltr'>est,</span> <span class='ocrx_word' id='word_1_226' title='bbox 698 3029 752 3089; x_wconf 89' lang='lat' dir='ltr'>vel</span> <span class='ocrx_word' id='word_1_227' title='bbox 774 3029 801 3090; x_wconf 88' lang='lat' dir='ltr'>si</span> <span class='ocrx_word' id='word_1_228' title='bbox 823 3027 954 3091; x_wconf 87' lang='lat' dir='ltr'>ordinati</span> <span class='ocrx_word' id='word_1_229' title='bbox 974 3027 1041 3110; x_wconf 85' lang='lat' dir='ltr'>jam</span> <span class='ocrx_word' id='word_1_230' title='bbox 1061 3039 1137 3092; x_wconf 88' lang='lat' dir='ltr'>sunt</span> <span class='ocrx_word' id='word_1_231' title='bbox 1155 3032 1246 3112; x_wconf 89' lang='lat' dir='ltr'>ipsos</span> 
     </span>
     <span class='ocr_line' id='line_1_31' title="bbox 88 3111 1248 3199; baseline -0.001 -16"><span class='ocrx_word' id='word_1_232' title='bbox 88 3119 211 3183; x_wconf 84' lang='lat' dir='ltr'>habere</span> <span class='ocrx_word' id='word_1_233' title='bbox 237 3117 431 3198; x_wconf 70' lang='lat' dir='ltr'>requiescat.</span> <span class='ocrx_word' id='word_1_234' title='bbox 477 3115 522 3178; x_wconf 80' lang='lat' dir='ltr'>Et</span> <span class='ocrx_word' id='word_1_235' title='bbox 549 3114 650 3176; x_wconf 90' lang='lat' dir='ltr'>omnis</span> <span class='ocrx_word' id='word_1_236' title='bbox 677 3114 835 3176; x_wconf 86' lang='lat' dir='ltr'>ecclesiae</span> <span class='ocrx_word' id='word_1_237' title='bbox 861 3111 962 3197; x_wconf 88' lang='lat' dir='ltr'>ipsius</span> <span class='ocrx_word' id='word_1_238' title='bbox 989 3116 1174 3199; x_wconf 81' lang='lat' dir='ltr'>gubernatio</span> <span class='ocrx_word' id='word_1_239' title='bbox 1204 3118 1248 3185; x_wconf 88' lang='lat' dir='ltr'>ad</span> 
     </span>
     <span class='ocr_line' id='line_1_32' title="bbox 90 3192 1250 3284; baseline -0.003 -15"><span class='ocrx_word' id='word_1_240' title='bbox 90 3224 166 3270; x_wconf 89' lang='lat' dir='ltr'>eum</span> <span class='ocrx_word' id='word_1_241' title='bbox 195 3206 227 3266; x_wconf 91' lang='lat' dir='ltr'>in</span> <span class='ocrx_word' id='word_1_242' title='bbox 257 3201 349 3282; x_wconf 88' lang='lat' dir='ltr'>cujus</span> <span class='ocrx_word' id='word_1_243' title='bbox 375 3199 515 3263; x_wconf 86' lang='lat' dir='ltr'>civitatis</span> <span class='ocrx_word' id='word_1_244' title='bbox 542 3197 695 3261; x_wconf 89' lang='lat' dir='ltr'>tenitorio</span> <span class='ocrx_word' id='word_1_245' title='bbox 723 3200 863 3264; x_wconf 88' lang='lat' dir='ltr'>ecclesia</span> <span class='ocrx_word' id='word_1_246' title='bbox 883 3202 1053 3264; x_wconf 86' lang='lat' dir='ltr'>surrexerit</span> <span class='ocrx_word' id='word_1_247' title='bbox 1069 3201 1125 3284; x_wconf 82' lang='lat'>¹³)</span> <span class='ocrx_word' id='word_1_248' title='bbox 1144 3192 1250 3284; x_wconf 69' lang='lat' dir='ltr'>perti-¹</span> 
     </span>
     <span class='ocr_line' id='line_1_33' title="bbox 88 3284 1247 3370; baseline -0.003 -17"><span class='ocrx_word' id='word_1_249' title='bbox 88 3287 188 3353; x_wconf 89' lang='lat' dir='ltr'>nebit.</span> <span class='ocrx_word' id='word_1_250' title='bbox 228 3285 320 3364; x_wconf 81' lang='lat' dir='ltr'>Quod</span> <span class='ocrx_word' id='word_1_251' title='bbox 348 3286 376 3346; x_wconf 91' lang='lat' dir='ltr'>si</span> <span class='ocrx_word' id='word_1_252' title='bbox 406 3285 501 3347; x_wconf 88' lang='lat' dir='ltr'>etiam</span> <span class='ocrx_word' id='word_1_253' title='bbox 522 3286 728 3348; x_wconf 80' lang='lat' dir='ltr'>saecularium</span> <span class='ocrx_word' id='word_1_254' title='bbox 752 3284 940 3366; x_wconf 84' lang='lat' dir='ltr'>quicumque</span> <span class='ocrx_word' id='word_1_255' title='bbox 962 3288 1133 3370; x_wconf 82' lang='lat' dir='ltr'>ecclesiam</span> <span class='ocrx_word' id='word_1_256' title='bbox 1155 3289 1247 3350; x_wconf 86' lang='lat' dir='ltr'>aedi-</span> 
     </span>
     <span class='ocr_line' id='line_1_34' title="bbox 89 3366 1246 3454; baseline -0.003 -16"><span class='ocrx_word' id='word_1_257' title='bbox 89 3373 247 3454; x_wconf 84' lang='lat' dir='ltr'>ficaverit,</span> <span class='ocrx_word' id='word_1_258' title='bbox 265 3381 299 3435; x_wconf 90' lang='lat' dir='ltr'>et</span> <span class='ocrx_word' id='word_1_259' title='bbox 320 3366 412 3433; x_wconf 67' lang='lat' dir='ltr'>alten</span> <span class='ocrx_word' id='word_1_260' title='bbox 431 3372 536 3453; x_wconf 84' lang='lat' dir='ltr'>magis</span> <span class='ocrx_word' id='word_1_261' title='bbox 550 3386 644 3452; x_wconf 85' lang='lat' dir='ltr'>quatu</span> <span class='ocrx_word' id='word_1_262' title='bbox 663 3387 738 3432; x_wconf 88' lang='lat' dir='ltr'>eum</span> <span class='ocrx_word' id='word_1_263' title='bbox 758 3371 790 3429; x_wconf 94' lang='lat' dir='ltr'>in</span> <span class='ocrx_word' id='word_1_264' title='bbox 805 3369 903 3448; x_wconf 74' lang='lat' dir='ltr'>&#39;cujus</span> <span class='ocrx_word' id='word_1_265' title='bbox 921 3369 1076 3431; x_wconf 83' lang='lat' dir='ltr'>territon&#39;c</span> <span class='ocrx_word' id='word_1_266' title='bbox 1097 3371 1246 3435; x_wconf 87' lang='lat' dir='ltr'>aedilicat</span> 
     </span>
     <span class='ocr_line' id='line_1_35' title="bbox 89 3453 1245 3539; baseline -0.003 -16"><span class='ocrx_word' id='word_1_267' title='bbox 89 3458 289 3524; x_wconf 77' lang='lat' dir='ltr'>invitandum</span> <span class='ocrx_word' id='word_1_268' title='bbox 315 3456 491 3539; x_wconf 78' lang='lat' dir='ltr'>putaverit,</span> <span class='ocrx_word' id='word_1_269' title='bbox 510 3464 583 3518; x_wconf 64' lang='lat' dir='ltr'>‘tam</span> <span class='ocrx_word' id='word_1_270' title='bbox 611 3456 681 3534; x_wconf 88' lang='lat' dir='ltr'>ipse</span> <span class='ocrx_word' id='word_1_271' title='bbox 707 3454 760 3516; x_wconf 93' lang='lat' dir='ltr'>cui</span> <span class='ocrx_word' id='word_1_272' title='bbox 788 3461 899 3516; x_wconf 84' lang='lat' dir='ltr'>contra</span> <span class='ocrx_word' id='word_1_273' title='bbox 918 3453 1183 3518; x_wconf 72' lang='lat' dir='ltr'>constitutionem</span> <span class='ocrx_word' id='word_1_274' title='bbox 1205 3477 1245 3520; x_wconf 88' lang='lat' dir='ltr'>ac</span> 
     </span>
     <span class='ocr_line' id='line_1_36' title="bbox 90 3537 1245 3625; baseline -0.002 -17"><span class='ocrx_word' id='word_1_275' title='bbox 90 3545 288 3625; x_wconf 82' lang='lat' dir='ltr'>disciplinam</span> <span class='ocrx_word' id='word_1_276' title='bbox 318 3540 488 3624; x_wconf 83' lang='lat' dir='ltr'>gratificari</span> <span class='ocrx_word' id='word_1_277' title='bbox 503 3541 558 3622; x_wconf 81' lang='lat'>¹⁴)</span> <span class='ocrx_word' id='word_1_278' title='bbox 591 3540 661 3600; x_wconf 90' lang='lat' dir='ltr'>vult</span> <span class='ocrx_word' id='word_1_279' title='bbox 691 3556 785 3620; x_wconf 86' lang='lat' dir='ltr'>quem</span> <span class='ocrx_word' id='word_1_280' title='bbox 814 3555 925 3605; x_wconf 79' lang='lat' dir='ltr'>omues</span> <span class='ocrx_word' id='word_1_281' title='bbox 955 3537 1097 3621; x_wconf 85' lang='lat' dir='ltr'>episcopi</span> <span class='ocrx_word' id='word_1_282' title='bbox 1124 3541 1178 3621; x_wconf 91' lang='lat' dir='ltr'>qui</span> <span class='ocrx_word' id='word_1_283' title='bbox 1204 3542 1245 3606; x_wconf 89' lang='lat' dir='ltr'>ad</span> 
     </span>
     <span class='ocr_line' id='line_1_37' title="bbox 91 3622 1248 3712; baseline -0.002 -19"><span class='ocrx_word' id='word_1_284' title='bbox 91 3629 270 3712; x_wconf 86' lang='lat' dir='ltr'>hujusmodi</span> <span class='ocrx_word' id='word_1_285' title='bbox 297 3625 527 3690; x_wconf 87' lang='lat' dir='ltr'>dedicationem</span> <span class='ocrx_word' id='word_1_286' title='bbox 553 3625 724 3688; x_wconf 89' lang='lat' dir='ltr'>invitantur</span> <span class='ocrx_word' id='word_1_287' title='bbox 745 3644 766 3687; x_wconf 82' lang='lat' dir='ltr'>a</span> <span class='ocrx_word' id='word_1_288' title='bbox 785 3632 946 3688; x_wconf 86' lang='lat' dir='ltr'>conventu</span> <span class='ocrx_word' id='word_1_289' title='bbox 965 3622 1167 3688; x_wconf 86' lang='lat' dir='ltr'>abstinebunt</span> <span class='ocrx_word' id='word_1_290' title='bbox 1182 3627 1248 3708; x_wconf 58' lang='grc' dir='ltr'>1ὅ).</span> 
     </span>
    </p>
   </div>
   <div class='ocr_carea' id='block_1_9' title="bbox 119 3860 1281 4699">
    <p class='ocr_par' dir='ltr' id='par_1_14' title="bbox 136 3860 1281 4070">
     <span class='ocr_line' id='line_1_38' title="bbox 136 3860 1281 3934; baseline -0.003 -18"><span class='ocrx_word' id='word_1_291' title='bbox 136 3865 165 3934; x_wconf 87' lang='lat'>1)</span> <span class='ocrx_word' id='word_1_292' title='bbox 183 3871 222 3916; x_wconf 71' lang='lat' dir='ltr'>ue</span> <span class='ocrx_word' id='word_1_293' title='bbox 238 3871 368 3925; x_wconf 64' lang='lat' dir='ltr'>meruero</span> <span class='ocrx_word' id='word_1_294' title='bbox 383 3868 580 3926; x_wconf 61' lang='lat' dir='ltr'>curationum</span> <span class='ocrx_word' id='word_1_295' title='bbox 597 3869 630 3914; x_wconf 80' lang='lat' dir='ltr'>au</span> <span class='ocrx_word' id='word_1_296' title='bbox 647 3869 777 3914; x_wconf 64' lang='lat' dir='ltr'>coerceam</span> <span class='ocrx_word' id='word_1_297' title='bbox 794 3860 825 3916; x_wconf 79' lang='grc' dir='ltr'>ο.</span> <span class='ocrx_word' id='word_1_298' title='bbox 843 3861 922 3930; x_wconf 80' lang='lat' dir='ltr'>Hirp.</span> <span class='ocrx_word' id='word_1_299' title='bbox 961 3885 1003 3910; x_wconf 89' lang='lat'>—.</span> <span class='ocrx_word' id='word_1_300' title='bbox 1046 3860 1133 3930; x_wconf 79' lang='lat' dir='ltr'>².)-ue</span> <span class='ocrx_word' id='word_1_301' title='bbox 1148 3868 1247 3918; x_wconf 67' lang='lat' dir='ltr'>tuere</span> <span class='ocrx_word' id='word_1_302' title='bbox 1279 3905 1281 3912; x_wconf 89' lang='grc'><em>,</em></span> 
     </span>
     <span class='ocr_line' id='line_1_39' title="bbox 161 3931 1246 4000; baseline 0.004 -16"><span class='ocrx_word' id='word_1_303' title='bbox 161 3942 205 3994; x_wconf 80' lang='lat' dir='ltr'>qut</span> <span class='ocrx_word' id='word_1_304' title='bbox 221 3941 343 3984; x_wconf 70' lang='lat' dir='ltr'>ecolesma</span> <span class='ocrx_word' id='word_1_305' title='bbox 360 3941 522 3986; x_wconf 74' lang='lat' dir='ltr'>commandati</span> <span class='ocrx_word' id='word_1_306' title='bbox 538 3939 596 3984; x_wconf 82' lang='lat' dir='ltr'>runt</span> <span class='ocrx_word' id='word_1_307' title='bbox 612 3951 645 3984; x_wconf 86' lang='lat' dir='ltr'>ae</span> <span class='ocrx_word' id='word_1_308' title='bbox 662 3942 831 3996; x_wconf 73' lang='lat' dir='ltr'>opprimantur·</span> <span class='ocrx_word' id='word_1_309' title='bbox 853 3932 886 3985; x_wconf 85' lang='lat' dir='ltr'>C.</span> <span class='ocrx_word' id='word_1_310' title='bbox 904 3931 939 3984; x_wconf 75' lang='lat' dir='ltr'>fl.</span> <span class='ocrx_word' id='word_1_311' title='bbox 981 3951 1018 3998; x_wconf 51' lang='lat'>{-</span> <span class='ocrx_word' id='word_1_312' title='bbox 1072 3932 1101 4000; x_wconf 71' lang='grc'>8)</span> <span class='ocrx_word' id='word_1_313' title='bbox 1120 3944 1246 3988; x_wconf 76' lang='lat' dir='ltr'>coerceti-</span> 
     </span>
     <span class='ocr_line' id='line_1_40' title="bbox 165 4002 1246 4070; baseline 0.001 -15"><span class='ocrx_word' id='word_1_314' title='bbox 165 4013 208 4062; x_wconf 81' lang='lat' dir='ltr'>tor</span> <span class='ocrx_word' id='word_1_315' title='bbox 221 4002 252 4054; x_wconf 92' lang='lat' dir='ltr'>C.</span> <span class='ocrx_word' id='word_1_316' title='bbox 265 4003 302 4054; x_wconf 87' lang='grc' dir='ltr'>Η.</span> <span class='ocrx_word' id='word_1_317' title='bbox 324 4027 362 4056; x_wconf 89' lang='lat'>—.-·</span> <span class='ocrx_word' id='word_1_318' title='bbox 389 4003 419 4070; x_wconf 77' lang='lat'>⁴)</span> <span class='ocrx_word' id='word_1_319' title='bbox 435 4010 475 4055; x_wconf 78' lang='lat' dir='ltr'>De</span> <span class='ocrx_word' id='word_1_320' title='bbox 491 4010 531 4054; x_wconf 77' lang='lat' dir='ltr'>tto</span> <span class='ocrx_word' id='word_1_321' title='bbox 547 4011 590 4062; x_wconf 82' lang='lat' dir='ltr'>aot</span> <span class='ocrx_word' id='word_1_322' title='bbox 607 4009 722 4060; x_wconf 74' lang='lat' dir='ltr'>cler-teum</span> <span class='ocrx_word' id='word_1_323' title='bbox 739 4010 846 4064; x_wconf 74' lang='lat' dir='ltr'>altenare</span> <span class='ocrx_word' id='word_1_324' title='bbox 862 4010 981 4054; x_wconf 75' lang='lat' dir='ltr'>ordinare</span> <span class='ocrx_word' id='word_1_325' title='bbox 996 4015 1157 4063; x_wconf 67' lang='lat' dir='ltr'>memorant</span> <span class='ocrx_word' id='word_1_326' title='bbox 1168 4005 1246 4058; x_wconf 72' lang='lat' dir='ltr'>C-H.</span> 
     </span>
    </p>

    <p class='ocr_par' dir='ltr' id='par_1_15' title="bbox 136 4070 1246 4358">
     <span class='ocr_line' id='line_1_41' title="bbox 136 4070 1246 4142; baseline 0.003 -18"><span class='ocrx_word' id='word_1_327' title='bbox 136 4072 167 4140; x_wconf 63' lang='grc' dir='ltr'>ὅ)</span> <span class='ocrx_word' id='word_1_328' title='bbox 187 4080 216 4124; x_wconf 77' lang='lat' dir='ltr'>sl</span> <span class='ocrx_word' id='word_1_329' title='bbox 233 4080 334 4133; x_wconf 72' lang='lat' dir='ltr'>coluter</span> <span class='ocrx_word' id='word_1_330' title='bbox 351 4081 522 4126; x_wconf 79' lang='lat' dir='ltr'>consulentem</span> <span class='ocrx_word' id='word_1_331' title='bbox 538 4078 598 4122; x_wconf 76' lang='lat' dir='ltr'>altat</span> <span class='ocrx_word' id='word_1_332' title='bbox 622 4072 653 4124; x_wconf 86' lang='lat' dir='ltr'>C.</span> <span class='ocrx_word' id='word_1_333' title='bbox 670 4074 703 4126; x_wconf 88' lang='lat' dir='ltr'>H.</span> <span class='ocrx_word' id='word_1_334' title='bbox 746 4095 784 4110; x_wconf 82' lang='lat'>-··</span> <span class='ocrx_word' id='word_1_335' title='bbox 837 4070 866 4138; x_wconf 72' lang='grc' dir='ltr'>θ)</span> <span class='ocrx_word' id='word_1_336' title='bbox 884 4088 930 4124; x_wconf 79' lang='lat' dir='ltr'>nec</span> <span class='ocrx_word' id='word_1_337' title='bbox 946 4087 1001 4122; x_wconf 80' lang='lat' dir='ltr'>eam</span> <span class='ocrx_word' id='word_1_338' title='bbox 1019 4071 1053 4124; x_wconf 82' lang='lat' dir='ltr'>C.</span> <span class='ocrx_word' id='word_1_339' title='bbox 1067 4073 1158 4142; x_wconf 73' lang='lat' dir='ltr'>Hispa,</span> <span class='ocrx_word' id='word_1_340' title='bbox 1183 4090 1246 4126; x_wconf 85' lang='lat' dir='ltr'>oon-</span> 
     </span>
     <span class='ocr_line' id='line_1_42' title="bbox 161 4139 1246 4212; baseline 0.001 -19"><span class='ocrx_word' id='word_1_341' title='bbox 161 4142 261 4207; x_wconf 83' lang='lat' dir='ltr'>jnnctis</span> <span class='ocrx_word' id='word_1_342' title='bbox 277 4142 312 4194; x_wconf 87' lang='lat' dir='ltr'>iis</span> <span class='ocrx_word' id='word_1_343' title='bbox 329 4155 397 4209; x_wconf 85' lang='lat' dir='ltr'>quac</span> <span class='ocrx_word' id='word_1_344' title='bbox 415 4142 576 4197; x_wconf 85' lang='lat' dir='ltr'>antecedunt</span> <span class='ocrx_word' id='word_1_345' title='bbox 592 4139 648 4207; x_wconf 79' lang='lat' dir='ltr'>(otc</span> <span class='ocrx_word' id='word_1_346' title='bbox 664 4140 774 4208; x_wconf 80' lang='lat' dir='ltr'>qaoque)</span> <span class='ocrx_word' id='word_1_347' title='bbox 793 4157 853 4194; x_wconf 89' lang='lat' dir='ltr'>cum</span> <span class='ocrx_word' id='word_1_348' title='bbox 870 4139 1012 4212; x_wconf 83' lang='lat' dir='ltr'>prioribus,</span> <span class='ocrx_word' id='word_1_349' title='bbox 1046 4167 1083 4182; x_wconf 83' lang='lat'>-·</span> <span class='ocrx_word' id='word_1_350' title='bbox 1128 4143 1156 4209; x_wconf 56' lang='grc' dir='ltr'>Ἰ)</span> <span class='ocrx_word' id='word_1_351' title='bbox 1174 4151 1246 4194; x_wconf 80' lang='lat' dir='ltr'>crot-</span> 
     </span>
     <span class='ocr_line' id='line_1_43' title="bbox 161 4210 1245 4278; baseline 0 -14"><span class='ocrx_word' id='word_1_352' title='bbox 161 4221 285 4264; x_wconf 78' lang='lat' dir='ltr'>rtuoerunl</span> <span class='ocrx_word' id='word_1_353' title='bbox 304 4211 386 4264; x_wconf 80' lang='lat' dir='ltr'>c.l1.</span> <span class='ocrx_word' id='word_1_354' title='bbox 427 4241 463 4252; x_wconf 87' lang='lat'>--</span> <span class='ocrx_word' id='word_1_355' title='bbox 519 4210 548 4278; x_wconf 67' lang='grc' dir='ltr'>θ)</span> <span class='ocrx_word' id='word_1_356' title='bbox 568 4219 597 4262; x_wconf 74' lang='lat' dir='ltr'>st</span> <span class='ocrx_word' id='word_1_357' title='bbox 611 4221 667 4271; x_wconf 76' lang='lat' dir='ltr'>eata</span> <span class='ocrx_word' id='word_1_358' title='bbox 684 4249 711 4262; x_wconf 89' lang='lat'>..</span> <span class='ocrx_word' id='word_1_359' title='bbox 730 4219 894 4272; x_wconf 69' lang='lat' dir='ltr'>tadinatem,</span> <span class='ocrx_word' id='word_1_360' title='bbox 919 4227 952 4262; x_wconf 82' lang='lat' dir='ltr'>ne</span> <span class='ocrx_word' id='word_1_361' title='bbox 967 4219 1105 4265; x_wconf 76' lang='lat' dir='ltr'>inordinati</span> <span class='ocrx_word' id='word_1_362' title='bbox 1122 4247 1149 4262; x_wconf 87' lang='lat'>..</span> <span class='ocrx_word' id='word_1_363' title='bbox 1168 4229 1245 4264; x_wconf 79' lang='lat' dir='ltr'>acca-</span> 
     </span>
     <span class='ocr_line' id='line_1_44' title="bbox 162 4277 1245 4358; baseline 0.001 -24"><span class='ocrx_word' id='word_1_364' title='bbox 162 4281 351 4334; x_wconf 67' lang='lat' dir='ltr'>remordit.</span> <span class='ocrx_word' id='word_1_365' title='bbox 395 4303 431 4320; x_wconf 89' lang='lat'>-·</span> <span class='ocrx_word' id='word_1_366' title='bbox 483 4277 692 4346; x_wconf 47' lang='lat' dir='ltr'>vloucrfl.</span> <span class='ocrx_word' id='word_1_367' title='bbox 736 4304 772 4318; x_wconf 88' lang='lat'><em>-</em></span> <span class='ocrx_word' id='word_1_368' title='bbox 808 4279 926 4346; x_wconf 40' lang='lat' dir='ltr'>11⁰)u0</span> <span class='ocrx_word' id='word_1_369' title='bbox 948 4289 1245 4358; x_wconf 60' lang='lat' dir='ltr'>europaeorum</span> 
     </span>
    </p>

    <p class='ocr_par' dir='ltr' id='par_1_16' title="bbox 119 4349 1247 4626">
     <span class='ocr_line' id='line_1_45' title="bbox 119 4349 1247 4494; baseline 0.015 -36"><span class='ocrx_word' id='word_1_370' title='bbox 119 4356 591 4494; x_wconf 47' lang='lat' dir='ltr'>‚ruttu‘tttltttt</span> <span class='ocrx_word' id='word_1_371' title='bbox 604 4356 860 4481; x_wconf 61' lang='lat' dir='ltr'>tutum</span> <span class='ocrx_word' id='word_1_372' title='bbox 875 4355 1068 4483; x_wconf 61' lang='lat' dir='ltr'>iiim</span> <span class='ocrx_word' id='word_1_373' title='bbox 1083 4349 1247 4474; x_wconf 53' lang='lat' dir='ltr'>&amp;titis</span> 
     </span>
     <span class='ocr_line' id='line_1_46' title="bbox 165 4489 1246 4558; baseline 0.001 -17"><span class='ocrx_word' id='word_1_374' title='bbox 165 4496 206 4542; x_wconf 82' lang='lat' dir='ltr'>cel</span> <span class='ocrx_word' id='word_1_375' title='bbox 229 4507 276 4552; x_wconf 74' lang='lat' dir='ltr'>pro</span> <span class='ocrx_word' id='word_1_376' title='bbox 297 4505 447 4551; x_wconf 69' lang='lat' dir='ltr'>monnone</span> <span class='ocrx_word' id='word_1_377' title='bbox 469 4505 578 4541; x_wconf 75' lang='lat' dir='ltr'>moram.</span> <span class='ocrx_word' id='word_1_378' title='bbox 614 4491 653 4542; x_wconf 89' lang='lat' dir='ltr'>lta</span> <span class='ocrx_word' id='word_1_379' title='bbox 676 4504 782 4558; x_wconf 85' lang='lat' dir='ltr'>qaoque</span> <span class='ocrx_word' id='word_1_380' title='bbox 808 4491 893 4543; x_wconf 79' lang='lat' dir='ltr'>codd.</span> <span class='ocrx_word' id='word_1_381' title='bbox 918 4489 995 4556; x_wconf 86' lang='lat' dir='ltr'>Hisp.</span> <span class='ocrx_word' id='word_1_382' title='bbox 1030 4515 1066 4529; x_wconf 88' lang='lat'>--</span> <span class='ocrx_word' id='word_1_383' title='bbox 1110 4491 1162 4556; x_wconf 85' lang='lat'>1²)</span> <span class='ocrx_word' id='word_1_384' title='bbox 1185 4509 1246 4554; x_wconf 64' lang='lat' dir='ltr'>uo-</span> 
     </span>
     <span class='ocr_line' id='line_1_47' title="bbox 166 4558 1245 4626; baseline 0.005 -16"><span class='ocrx_word' id='word_1_385' title='bbox 166 4558 347 4615; x_wconf 69' lang='lat' dir='ltr'>tttertffli.</span> <span class='ocrx_word' id='word_1_386' title='bbox 381 4587 419 4614; x_wconf 83' lang='lat'>.-</span> <span class='ocrx_word' id='word_1_387' title='bbox 462 4558 820 4626; x_wconf 34' lang='lat' dir='ltr'>”narrandus-</span> <span class='ocrx_word' id='word_1_388' title='bbox 864 4559 1176 4625; x_wconf 67' lang='lat' dir='ltr'>1⁴)erattaoaraffll.</span> <span class='ocrx_word' id='word_1_389' title='bbox 1210 4577 1245 4606; x_wconf 66' lang='lat'>*-</span> 
     </span>
    </p>

    <p class='ocr_par' dir='ltr' id='par_1_17' title="bbox 121 4627 1050 4699">
     <span class='ocr_line' id='line_1_48' title="bbox 121 4627 1050 4699; baseline 0 -17"><span class='ocrx_word' id='word_1_390' title='bbox 121 4627 170 4696; x_wconf 69' lang='grc' dir='ltr'>Η)</span> <span class='ocrx_word' id='word_1_391' title='bbox 188 4628 302 4699; x_wconf 83' lang='lat' dir='ltr'>Reliqua</span> <span class='ocrx_word' id='word_1_392' title='bbox 318 4628 398 4696; x_wconf 76' lang='lat' dir='ltr'>liujus</span> <span class='ocrx_word' id='word_1_393' title='bbox 416 4628 523 4684; x_wconf 77' lang='lat' dir='ltr'>canonio</span> <span class='ocrx_word' id='word_1_394' title='bbox 542 4630 637 4686; x_wconf 76' lang='lat' dir='ltr'>desum</span> <span class='ocrx_word' id='word_1_395' title='bbox 654 4629 682 4684; x_wconf 90' lang='lat' dir='ltr'>in</span> <span class='ocrx_word' id='word_1_396' title='bbox 698 4631 766 4696; x_wconf 80' lang='lat' dir='ltr'>Reg.</span> <span class='ocrx_word' id='word_1_397' title='bbox 784 4631 809 4684; x_wconf 78' lang='lat' dir='ltr'>lt</span> <span class='ocrx_word' id='word_1_398' title='bbox 826 4635 854 4682; x_wconf 83' lang='lat' dir='ltr'>et</span> <span class='ocrx_word' id='word_1_399' title='bbox 872 4628 979 4682; x_wconf 82' lang='lat' dir='ltr'>Callon.</span> <span class='ocrx_word' id='word_1_400' title='bbox 1013 4655 1050 4669; x_wconf 89' lang='lat'>-</span> 
     </span>
    </p>
   </div>
   <div class='ocr_carea' id='block_1_10' title="bbox 0 0 1442 5036">
    <p class='ocr_par' dir='ltr' id='par_1_18' title="bbox 0 0 1442 5036">
     <span class='ocr_line' id='line_1_49' title="bbox 0 0 1442 5036; baseline 0 0"><span class='ocrx_word' id='word_1_401' title='bbox 0 0 1442 5036; x_wconf 95' lang='lat' dir='ltr'> </span> 
     </span>
    </p>
   </div>
  </div>
 </body>
</html>
