2868 5040
369 229 932 316 muomuuneauuursn
1154 235 1216 314 ιιι
1273 317 1276 322 ,

56 405 227 482 ecclcsiae
247 424 360 471 nomen
379 402 562 488 scripturam
583 406 696 489 faciat,
725 413 788 470 aut*
800 406 840 470 ab
856 371 1045 488 ejus'quam
1065 408 1167 474 eamq
1183 408 1216 490 ι)

54 495 225 562 ecclesiae
245 491 440 554 ordinatione
459 491 611 574 discedat
670 565 673 572 ¹

71 615 151 678 LV.
186 611 230 675 Ut
248 609 428 673 sacerdotes
450 617 483 671 et
504 609 623 672 levitae
644 607 775 674 tantem
797 611 843 673 ad
860 609 1038 674 cerandum
1058 619 1093 674 er
1112 613 1216 674 acai-‘

446 693 586 774 pitribttt
607 713 671 756 aaa
690 702 868 760 amar.

103 775 338 882 lllpiscopis,
358 777 562 858 presbyteris,
584 777 765 844 diaconibus
785 795 883 846 canes
904 777 954 842 ad
964 779 1141 844 venandum
1162 789 1217 846 aut

58 865 239 950 accipitres
265 863 381 925 habere
408 881 470 923 ιιοιι
497 863 611 924 liceat:
638 862 772 944 quodsi
795 863 866 962 quis
887 864 994 926 talium
1015 885 1217 946 personarum

59 956 97 1016 ιιι
127 953 190 1014 bac
215 949 378 1011 voluntate
408 946 556 1009 detectus
586 947 678 1010 fuerit
692 947 747 1029 ι),
782 950 811 1010 si
840 950 1010 1030 episcopus
1041 960 1092 1011 est
1119 951 1219 1026 tribus

59 1038 229 1100 mensibus
249 1053 286 1096 se
308 1051 328 1094 a
349 1033 563 1094 communione
585 993 775 1115 ιιεροιιιιιιι,
801 1034 966 1116 presbyter
986 1031 1108 1098 duobus
1127 1055 1219 1096 men-

60 1123 158 1186 sibus
185 1139 223 1182 se
251 1115 408 1181 abstineat
422 1115 472 1198 ³),
500 1116 651 1180 diaconus
677 1136 739 1180 uuo
766 1119 805 1180 ab
827 1117 911 1182 omni
931 1117 1034 1184 officio
1054 1119 1108 1182 vel
1128 1139 1219 1184 cem-

59 1208 213 1272 munione
233 1203 383 1266 cessabit.

112 1325 201 1389 LVI.
243 1322 295 1384 De
321 1319 557 1382 vastetoribus
579 1339 656 1404 qaae
679 1319 808 1382 abbates
822 1324 936 1404 secare
950 1332 1169 1407 praesamant.

151 1412 190 1474 ln
215 1405 449 1470 venditionibus
475 1417 555 1486 quas
576 1405 711 1469 abbates
729 1405 836 1470 lacere
856 1419 1059 1489 praesumunt
1071 1409 1106 1488 ι)
1137 1411 1219 1472 haec

63 1497 168 1558 forma
200 1499 365 1571 servetur,
396 1497 432 1552 ut
466 1489 637 1589 quidquid·
645 1493 714 1555 sine
747 1492 888 1574 episcopi
917 1495 1029 1559 notitia
1057 1493 1219 1558 venditum

65 1583 182 1660 luerit,
210 1577 251 1642 ad
278 1583 470 1656 potestatem
498 1574 639 1657 episcopi
663 1586 848 1640 revocetur·
840 1582 1033 1662 ,mancipia
1050 1599 1127 1641 vero
1147 1599 1219 1644 rno-

63 1667 183 1730 nachis
212 1663 328 1724 donata
354 1660 394 1723 ab
425 1660 539 1722 abbate
555 1661 589 1740 ι)
616 1679 678 1724 uon
704 1661 801 1724 liceat
834 1625 1017 1729 manumitti.
1067 1663 1219 1746 injustum

64 1753 152 1814 anun
181 1757 346 1830 putamus,
374 1753 410 1806 ut
436 1747 598 1808 monachis
607 1745 829 1845 quotidianum
850 1752 949 1830 rurale
970 1767 1051 1832 opus
1072 1749 1220 1835 facienti

63 1837 145 1917 bus,
166 1832 253 1898 servi
272 1849 378 1894 eorum
399 1830 551 1896 libertatis
572 1832 635 1894 etio
657 1832 821 1914 potiantur.

114 1951 217 2016 ΙΝΠ.
264 1945 316 2013 Ne
342 1967 423 2010 arrae
449 1947 547 2012 abbas
574 1950 692 2012 dachas
719 1951 876 2035 coenobiis
897 1961 1112 2036 praeponetur
1127 1953 1171 2033 ι).

154 2053 259 2118 Unum
281 2051 426 2116 abbatem
443 2047 565 2114 duobus
585 2051 783 2115 monasteriis
801 2054 1013 2118 interdicimus
1031 2055 1220 2138 praesidere.

97 2173 215 2236 LVIII.
257 2169 308 2236 Nc
328 2171 553 2242 monasteriam
574 2173 644 2232 siae
664 2173 785 2234 notitia
807 2172 947 2256 episcopi
968 2177 1190 2239 constituatur.

155 2258 297 2320 cellulas
317 2276 418 2320 ricvas
440 2265 495 2318 aut
515 2258 830 2338 congregatiunculas
857 2243 1076 2322 monachorum
1097 2262 1219 2344 absque

69 2327 185 2406 notitia
206 2342 348 2424 episcopi
366 2341 564 2424 prohibemus
584 2339 712 2404 institui.

109 2461 197 2524 htx.
239 2461 291 2525 De
318 2463 424 2524 rebar
437 2461 589 2524 ecclesiae
615 2461 688 2521 saar·
714 2457 839 2521 collatis
865 2465 903 2522 at
930 2463 1212 2543 praeaetprtoats

70 2639 80 2648 ‘
150 2610 274 2694 Clerici
305 2610 434 2712 quilibet
467 2605 683 2713 quaecumque
697 2629 731 2706 8)
751 2587 966 2690 diuturnitate
999 2632 1148 2730 temporis
1180 2629 1221 2693 de

72 2716 234 2779 eeclesiae
264 2713 510 2778 remuneratione
541 2707 803 2795 possederint,
791 2731 827 2773 ιιι
852 2711 907 2794 jus
938 2715 1092 2800 proprium
1124 2734 1222 2796 prae·

72 2801 245 2897 scriptione
265 2793 415 2882 temporis
434 2812 496 2861 ιιοιι
520 2797 726 2878 vocenturl),
747 2797 912 2860 dummodo
932 2808 1043 2880 pateat
1056 2793 1222 2864 ecclesiae

76 2906 138 2948 rem
168 2884 286 2968 fuisse,
315 2905 357 2948 ne
377 2884 542 2948 uideantur
569 2886 664 2945 etiam
685 2882 826 2966 episcopi
845 2883 1139 2948 administrationes
1147 2899 1222 2972 pro·-

73 2971 153 3033 lixas
177 2981 233 3032 aut
252 2974 453 3052 precatorias,
469 2988 540 3032 cum
555 2967 685 3030 ordinati
699 2977 781 3047 sunt,
797 2969 901 3035 facere
917 2969 1075 3053 debuisse,
1095 2976 1150 3033 aut
1168 2965 1222 3036 diu

74 3065 216 3118 retentas
230 3057 418 3150 facultates
410 3076 441 3118 ιιι
452 3054 506 3136 jus
522 3052 719 3134 proprietatis
730 3015 784 3132 ¹⁰)
804 3073 882 3116 suae
896 3073 993 3135 posse
1008 3057 1223 3140 transcribere.

94 3175 164 3237 LX.
197 3173 249 3234 De
270 3173 377 3257 lapsis
390 3174 445 3254 qai
466 3172 505 3232 de
526 3170 683 3256 catholica
701 3172 808 3252 fide'
794 3193 830 3234 m
850 3173 1005 3237 baeresim
1024 3183 1201 3241 transeant.
1291 3240 1295 3252 ,

152 3255 297 3356 hapsis,
331 3274 362 3336 id
392 3282 443 3335 est
472 3271 580 3354 quiin
608 3249 764 3335 catholica
791 3273 855 3336 fide
871 3275 925 3353 11)
957 3276 1110 3356 baptizati
1139 3287 1224 3358 sunt,

78 3360 170 3439 ειη)
191 3360 457 3440 praevaricatione
472 3356 637 3420 damnabili
657 3367 729 3438 post
750 3360 781 3419 in
801 3361 961 3426 haeresim
970 3361 1148 3422 transierint
1161 3361 1224 3441 ¹³),

80 3445 228 3524 grandem
258 3443 406 3506 redeundi
432 3442 644 3506 difficultatem
671 3443 776 3504 sanxit
804 3443 992 3538 antiquitas,
1023 3447 1134 3526 quibus
1155 3463 1224 3526 nos,

80 3547 226 3592 annorum
246 3527 441 3590 multitudine
469 3528 626 3606 ιιιοιιιιιιι,
654 3525 877 3605 poenitentiam
905 3525 1020 3589 biennii
1046 3530 1224 3592 conditione

80 3610 156 3676 infra
182 3612 319 3713 scriptae
348 3612 611 3675 observationis
604 3611 803 3691 imponimus,
830 3621 866 3672 ut
886 3615 1078 3694 praescripto
1100 3614 1224 3676 biennio

81 3699 170 3760 tertio
187 3698 242 3777 Η)
268 3699 337 3761 sine
363 3699 554 3760 relaxatione
575 3693 720 3774 jejunent
747 3704 781 3756 et
801 3698 969 3768 ecclesiam
990 3700 1139 3762 studeant
1160 3684 1225 3762 ire·
1292 3715 1296 3720 ’

83 3792 239 3878 quentare.
281 3786 316 3844 ln
346 3783 570 3864 poenitentium
597 3781 667 3841 loco
694 3780 798 3842 standi
828 3790 862 3842 et
889 3783 994 3845 crarrdi
1021 3785 1225 3848 humilitatem

82 3867 123 3928 ita
137 3868 191 3945 ιι)
212 3870 355 3929 noverint
374 3865 617 3944 observandam,
638 3873 673 3926 ut
694 3865 789 3927 etiarn
809 3867 886 3947 ipsi,
914 3887 986 3929 eum
1008 3860 1226 3934 catechumeni

84 3952 189 4033 egredi
205 3962 478 4068 cammonentur,
495 3911 678 4014 abscedant.
719 3951 790 4014 Hoc
818 3955 847 4015 si
873 3953 1040 4016 observare
1061 3957 1225 4039 voluerint,

82 4095 278 4112 m

125 4175 152 4242 1)
171 4183 237 4226 teret
254 4179 307 4230 ties
329 4191 389 4226 mss.
408 4171 506 4226 Pariss.
540 4202 575 4212 —
617 4175 646 4242 ι)
665 4176 741 4236 fuera
758 4173 872 4227 deestin
891 4174 923 4228 (l.
939 4177 974 4230 H.
1014 4206 1050 4218 -
1100 4177 1128 4244 ³)
1147 4183 1224 4226 abatt-

148 4255 250 4306 aeatar,
268 4261 318 4297 οιιι.
337 4260 400 4295 voce
418 4262 458 4302 ae,
477 4242 509 4292 C.
528 4243 562 4292 H.
584 4245 620 4280 --'
649 4243 679 4308 ⁴)
696 4248 911 4306 praescripserint
924 4245 954 4298 C.
972 4249 1007 4300 H.
1034 4279 1069 4287 -
1102 4247 1129 4310 ι)
1148 4253 1224 4295 abba-

151 4321 216 4366 tiens
234 4314 264 4365 C.
283 4315 316 4365 H.
350 4341 385 4350 -
428 4312 457 4377 θ)
475 4317 632 4374 praeferatur
650 4312 681 4364 C.
699 4313 732 4364 H.
767 4341 802 4350 -
851 4315 879 4381 ι)
897 4327 1092 4380 praescriptione
1110 4323 1226 4376 lerapcrta

151 4381 180 4434 0.
201 4381 234 4434 Η.
252 4412 287 4422 -
313 4383 341 4448 8)
360 4388 484 4442 quodlibet
501 4391 574 4432 ettam
591 4391 782 4443 rpaartaeumaae
801 4381 831 4435 C.
850 4383 884 4436 H.
909 4414 944 4424 —
975 4387 1003 4454 ι)
1021 4393 1124 4438 caretur
1141 4383 1172 4435 C.
1191 4384 1225 4435 H.

108 4451 155 4518 ¹⁰)
171 4459 318 4515 praetereat
335 4450 398 4516 (om.
416 4466 439 4502 v.
459 4459 484 4501 ιιι
496 4451 553 4518 pas)
573 4451 602 4501 C.
621 4451 654 4502 Η.
672 4479 707 4490 -
736 4453 785 4520 ¹¹)
801 4461 906 4505 ecelesia
922 4455 978 4506 BR.
1000 4484 1035 4494 —
1062 4450 1111 4516 l²)
1124 4453 1224 4506 Verba:

152 4531 208 4574 auct
225 4531 257 4585 rt,
276 4522 370 4572 desunt
388 4519 414 4572 ιιι
435 4519 465 4570 C.
484 4521 517 4570 H.
545 4549 579 4558 —-
612 4521 660 4588 ι8)
679 4531 832 4576 transierant
850 4523 882 4574 C.
901 4525 935 4574 H.
960 4551 994 4560 -
1028 4521 1077 4588 1⁴)
1096 4523 1227 4574 lerltaate

153 4590 182 4643 C.
198 4589 233 4643 H.
251 4621 286 4629 —
304 4595 345 4642 dte
363 4589 442 4642 etiam
463 4589 534 4640 addit
554 4587 659 4642 Cotton.
695 4621 729 4630 -
769 4593 818 4660 ιι)
835 4602 871 4645 tta
888 4593 963 4644 deest
979 4589 1007 4642 in
1025 4590 1056 4642 C.
1075 4589 1109 4640 H.
1140 4617 1177 4668 .‘
