2858 5036
402 272 644 342 concursu
664 258 883 345 anuuusni
1037 329 1039 340 ,
1090 342 1091 348 Ν
1156 247 1221 341 iri

34 453 63 511 Ι.
125 437 170 510 ist
190 445 255 509 duo
276 449 332 530 qai
351 447 414 536 soli
431 447 668 510 ‘ordinationem
682 445 980 531 praecucurrerant,
1006 444 1047 508 ob
1070 439 1213 508 maleo

171 533 319 616 Meropo
341 531 596 596 ordinationibus
617 539 651 594 et
672 532 818 595 conciliis
840 532 1025 596 abstineant
1041 530 1084 609 ι).
1277 609 1281 617 .

140 633 278 700 Primum
306 632 430 719 itaque,
460 635 620 718 quianon
646 634 819 698 ulciscendi
846 632 905 697 sed
925 629 1116 697 remediandi
1137 636 1210 693 stu-

37 719 141 785 dium
161 730 239 790 nutu
258 719 375 802 damini
394 722 607 789 universorum
627 728 759 802 pectora
778 736 906 802 prorsus
927 717 1115 782 sacerdotali
1129 733 1210 794 con-

37 807 123 869 silio
157 803 340 890 insederat,
378 823 531 876 cananum
549 805 596 877 ,in
627 806 822 878 mamanibus
854 805 988 888 singulis
1017 802 1209 883 proprietate

38 900 242 973 perspecta,
268 889 388 974 placuit
401 891 437 972 ²)
458 890 542 973 quod
562 891 645 954 sicin
666 891 795 971 reprobe
809 889 843 968 i)
872 896 1075 972 praesumpta
1096 895 1209 950 essent

41 977 82 1040 in
122 974 238 1040 irritum
273 976 478 1059 devocanda,
513 973 560 1038 ita
588 993 645 1038 ecs
673 977 726 1057 qui
753 975 883 1056 reproba
911 973 1209 1058 praesumpsissent,

43 1064 201 1144 quamvis
222 1061 410 1126 confundere
432 1079 568 1125 censura
587 1071 729 1145 cogeret,
751 1061 874 1125 caritati
893 1062 1004 1124 liceret
1024 1059 1209 1140 absolvere3

40 1149 239 1230 praesertim
260 1169 331 1212 cum
352 1149 385 1210 hi
407 1148 460 1230 qui
481 1156 546 1232 tarn
567 1167 717 1230 perversa
738 1145 932 1226 incidissent,
952 1147 1083 1226 apn'mo
1097 1144 1207 1226 lapsus

37 1236 132 1316 ipius
167 1234 218 1296 die
251 1233 398 1298 adhibitis
436 1233 554 1316 passim
586 1232 733 1315 precibus
764 1233 889 1314 culpam
919 1229 1119 1314 poenitentes
1151 1237 1207 1294 aut

40 1321 250 1404 ignorantiae
271 1329 327 1382 aut
347 1318 626 1400 circumscriptioni
647 1320 873 1402 imputassent,
895 1319 968 1400 quia
982 1318 1045 1379 etsi
1061 1317 1213 1380 iuvenia-

40 1407 107 1468 bile
132 1405 315 1469 crederetur
334 1405 532 1468 sacerdotem
552 1404 760 1468 sacerdotalia
780 1405 902 1466 statuta
921 1404 1081 1482 nescisse,
1103 1401 1207 1464 levius

41 1500 162 1554 tamen
188 1501 256 1557 erat
284 1511 379 1576 quam,
405 1491 434 1554 si
460 1509 513 1554 ore
535 1487 705 1572 impudenti
725 1490 876 1552 fateretur
895 1509 933 1552 se
954 1496 1030 1552 nota
1050 1486 1205 1550 calcasse.

41 1577 189 1642 Civilius
216 1585 269 1640 est
295 1586 417 1640 statuta
444 1573 559 1642 nesciri
586 1594 681 1656 quam
706 1575 788 1638 scita
816 1573 915 1636 omitti
929 1571 973 1654 ²).
1013 1574 1124 1655 ltaque
1144 1590 1205 1636 cos

41 1661 99 1746 qui
129 1673 199 1724 tam
225 1663 383 1726 incondita
413 1681 452 1724 ac
481 1669 546 1744 tam
573 1659 729 1722 instabilia
756 1666 985 1741 usurpaverunt
999 1657 1034 1738 ⁵)
1046 1704 1056 1740 ,
1085 1657 1205 1740 placuit

43 1747 284 1812 misericordiae
306 1756 339 1811 et
361 1744 501 1812 caritatis
521 1763 655 1810 occursu
675 1746 721 1808 ita
741 1746 772 1807 in
792 1746 1038 1816 communionem
1059 1743 1204 1806 dilectio-

40 1853 187 1915 nemque
213 1833 327 1916 recipi,
355 1843 391 1896 ut
418 1834 536 1896 scirent
556 1825 729 1894 secundum
750 1840 911 1894 recentem
925 1829 959 1908 ⁸)
981 1837 1014 1892 et
1034 1829 1204 1891 saluberri-

43 1939 130 1982 mam
150 1915 372 1996 Taurinatis')
388 1917 501 2001 synodi
515 1917 724 1980 definitionem
746 1916 786 1978 ad
806 1925 989 1997 perpetuam
1004 1914 1091 1975 uitae
1110 1911 1205 1974 istius

45 2005 281 2086 suffusionem„
295 2004 387 2066 nullis
407 2023 445 2066 se
467 2003 507 2064 de
528 2010 636 2065 cetero
657 1998 910 2080 ordinationibus,
930 1999 1022 2060 nullis
1043 1993 1204 2058 ordinariis

44 2091 254 2154 interfuturos
281 2109 356 2152 esse
384 2085 543 2167 conciliis,
571 2088 644 2168 quia
669 2087 746 2150 nihil
771 2085 895 2148 salubre
916 2085 955 2146 ab
975 2079 1036 2144 illis
1057 2089 1204 2151 statuen-

44 2177 119 2240 dum
155 2183 408 2257 exspectaretur,
435 2171 489 2255 qui
502 2173 536 2252 ⁸)
563 2180 671 2234 tantae
698 2170 903 2254 corruptionis
931 2178 996 2232 tam
1015 2165 1215 2244 detestanda„

43 2262 196 2344 exempla
213 2261 428 2342 praebuerant.

77 2391 117 2452 ΙΙ.
168 2387 211 2450 Ut
230 2387 408 2463 librarium,
433 2394 609 2452 oenomao
632 2388 687 2470 qai
701 2407 871 2469 perperam
885 2387 1165 2468 subterannotare,

367 2472 438 2536 olio
450 2477 520 2554 fiat
541 2473 687 2556 legitimo
710 2474 900 2534 ordinatio.'

135 2573 350 2642 Ebredunensi
366 2574 401 2653 ⁰)
433 2575 591 2637 ecclesiae
623 2583 696 2635 ante
729 2575 832 2636 omnia
863 2580 982 2634 mature
1013 2568 1118 2632 visum
1149 2567 1204 2632 est*

48 2657 285 2741 consulendum,
306 2659 379 2741 quia
394 2668 525 2743 quatuor
545 2658 586 2720 de
606 2655 729 2720 biennio
750 2659 910 2720 mensibus
930 2653 1097 2718 sacerdote
1116 2653 1201 2736 legi-

48 2747 121 2810 timo
145 2745 299 2809 destituta
324 2746 387 2809 hoc
414 2747 544 2830 gravius
572 2751 815 2828 aegrotaverat,
837 2741 921 2825 quod
935 2740 991 2821 Μ’)
1019 2739 1122 2803 clerus
1147 2739 1199 2799 in-

48 2851 170 2896 nocens
197 2851 236 2895 ac
262 2830 465 2913 disciplinae,
494 2839 530 2893 ut
561 2831 724 2914 probatum
742 2838 827 2911 est,
851 2847 973 2891 mernor
996 2822 1199 2909 quorumdam

48 2919 199 2983 laicorum
227 2915 395 2980 insolentia
424 2935 464 2980 ac
491 2917 580 2979 varia
610 2915 843 2999 perturbatione
869 2922 1007 2987 vesanis
1039 2912 1134 2974 etiam
1164 2911 1197 2974 in

49 3003 269 3068 sacerdotibus
290 3020 330 3065 ac
351 3003 500 3064 ministris
519 2999 621 3064 minas
641 3017 683 3062 ac
698 2999 803 3082 jurgia
823 3007 857 3062 et
879 3001 942 3061 vim
963 2997 1198 3060 acerbissimam

49 3091 224 3170 periculose
237 3089 414 3168 perniciosa
427 3107 526 3170 nuper
545 3086 645 3150 caede
666 3085 845 3166 pertulerat,
865 3103 927 3147 nec
945 3091 1069 3164 poterat
1083 3079 1198 3146 differri

50 3175 198 3238 bonorum
219 3192 259 3236 ac
280 3172 463 3254 disciplinae
483 3189 651 3234 memorum
672 3169 941 3252 exspectatun),
961 3165 1003 3232 rie
1017 3167 1199 3231 viderentur

51 3259 280 3324 contumacium
307 3268 342 3322 et
365 3259 572 3341 inquietorum
594 3265 671 3320 vota
691 3258 820 3340 palpari,
839 3275 969 3338 quorum
987 3255 1196 3336 conspiratio-

50 3364 104 3409 nes
133 3343 334 3426 iniqua012)
360 3345 672 3426 machinationesque
697 3351 731 3404 et
758 3341 790 3404 in
819 3339 1019 3422 praeteritum
1047 3347 1196 3419 quantum

52 3428 240 3512 deprehendi
267 3430 392 3510 possint
418 3429 686 3494 animadversione
715 3428 938 3489 ecclesiastica
965 3421 1143 3506 puniendae
1162 3429 1196 3484 et

53 3515 80 3577 in
109 3519 251 3579 futurum
281 3510 499 3598 anticipandae
531 3523 628 3576 erant.
685 3513 796 3592 ltaque
828 3507 1072 3586 ordinationem,
1102 3517 1202 3590 quam'

53 3619 190 3664 canones
207 3601 324 3662 irritam
345 3599 504 3682 defirdunt,
521 3619 580 3661 nos
594 3613 718 3680 quoque
733 3595 948 3659 evacuandam
959 3593 1015 3672 Η)
1027 3611 1102 3655 csse
1117 3605 1197 3655 cen-

53 3687 193 3766 suimus,
226 3685 258 3747 in
290 3705 352 3768 qua
383 3681 606 3765 praetermissa
631 3683 724 3757 trium
751 3681 931 3764 praesentia
956 3697 1017 3742 nec
1045 3675 1199 3761 expetitis

53 3769 352 3853 comprovincialium
372 3769 470 3832 literis
489 3765 720 3849 metropolitani
732 3786 861 3850 quoque
870 3765 1032 3828 voluntate
1046 3763 1203 3846 neglecta·

53 3875 175 3935 prorsus
201 3853 275 3920 nihil
302 3854 386 3939 quod
413 3856 598 3939 episcopum
623 3853 745 3920 laceret
779 3863 944 3918 ostensum
975 3859 1039 3915 est.
1082 3851 1195 3934 ltaque

57 4013 251 4030 *1

95 4104 123 4170 1)
140 4105 171 4156 ln
185 4103 305 4171 (hilisp.
317 4118 402 4156 carros
413 4105 433 4156 l.
451 4103 544 4173 incipit
561 4121 579 4158 a
594 4105 697 4159 verbis:
716 4112 802 4165 mooe
820 4117 864 4154 eos
880 4111 928 4164 aas·
938 4111 993 4154 tom
1005 4111 1131 4158 taoonmto
1148 4115 1195 4158 etc.

118 4189 177 4226 corn
196 4173 291 4228 utute:
317 4179 348 4228 ur
363 4191 413 4227 aaa
430 4183 550 4228 screator
566 4185 696 4238 mennas
712 4191 728 4226 a
745 4182 840 4226 moon
856 4182 979 4236 namma
995 4184 1131 4228 mancus
1159 4205 1195 4218 -

92 4243 121 4309 ²)
143 4253 225 4306 muro
245 4245 277 4294 Δ.
295 4243 341 4295 AE.
363 4243 395 4294 E.
409 4245 434 4296 3,
446 4245 471 4298 4,
496 4247 532 4298 U.
547 4243 580 4296 G.
633 4275 669 4284 -
727 4244 757 4312 ³)
779 4251 885 4304 rmore
907 4259 971 4304 quas
994 4245 1026 4298 c.
1050 4246 1124 4311 Hr'rp.
1159 4271 1196 4284 -

92 4311 121 4418 :t
138 4315 178 4366 lta
195 4314 261 4380 Reg.
273 4313 414 4434 {aetolicis1
423 4315 456 4380 B,
473 4315 568 4424 dcaugrt
585 4313 650 4367 haec
667 4315 886 4436 rerbazuctottag
902 4322 941 4366 est
958 4325 1004 4366 eto.
1023 4315 1053 4365 in
1068 4313 1099 4421 (Ξ.
1118 4313 1195 4382 Hisp.
1240 4387 1248 4403 ι

110 4383 277 4506 {maog
287 4455 315 4504 2.
337 4477 373 4494 -·
396 4421 461 4504 Vide
479 4471 535 4508 can.
550 4385 672 4506 hmfim
689 4385 807 4518 ffhgbuth
818 4389 855 4505 ii.
874 4389 1074 4520 &summ
1092 4382 1195 4504 {hwa-z·

94 4521 122 4588 ⁹)
137 4530 312 4576 Rumonem
326 4522 360 4603 C,
376 4524 455 4592 Hisp.
472 4551 507 4564 -
524 4528 556 4580 cl.
575 4539 634 4592 pag.
653 4538 707 4590 seq.
724 4529 776 4575 not.
792 4525 814 4575 1.
838 4551 875 4564 -
904 4523 953 4590 Ην)
971 4532 1000 4576 at
1017 4521 1048 4576 G.
1066 4523 1142 4591 Hisp,
1161 4554 1196 4565 -

77 4591 402 4716 ¹¹)cffiotrocchlil'rsp.
442 4621 479 4634 -
523 4595 575 4664 ιι)
591 4603 688 4655 tarouca
705 4593 779 4660 deest
795 4593 823 4646 in
841 4594 872 4646 C.
889 4593 964 4663 lliap.
1005 4623 1040 4633 -
1084 4596 1134 4661 ¹³)
1153 4613 1198 4646 aa·

135 4679 150 4714 u
216 4680 240 4716 m
281 4699 288 4714 ι
355 4679 382 4731 p·
417 4694 452 4704 ·“
