2858 5036
336 267 577 334 CONCILIUIII
597 267 889 334 andennense
912 270 964 332 III.
1115 311 1116 318 ι
1167 269 1225 340 till

61 437 156 504 hibet
183 436 372 520 castigantI,
401 439 573 520 asperitato
603 446 708 500 aretem
739 437 853 500 nimiae
874 436 1094 517 increpationis
1111 436 1143 515 ¹)
1165 456 1225 499 nee

63 525 316 605 increpationem
334 522 446 604 recipit
467 543 527 588 nec
547 525 690 586 salutem.
724 525 769 586 lit
788 520 860 595 ideo
881 523 910 584 si
931 521 1001 604 quis
1022 522 1112 584 aliter
1130 541 1222 602 quam

66 611 191 693 dietum
221 616 273 671 est
297 609 478 692 praedictos
504 607 702 672 honorabiles
728 607 874 686 subditos
899 607 1025 669 licentia
1052 617 1222 686 perceptae

64 695 243 777 potestatis
272 694 376 756 elatus
401 693 518 756 malitia
549 703 670 757 tantum
692 693 857 757 crediderit
877 688 1105 778 verberandos,
1130 690 1222 769 juxta

65 781 195 844 modum
221 779 386 840 verberum
416 797 508 859 quem
536 779 674 844 intulerit
700 775 1031 854 exeommrmicationis
1054 777 1169 856 pariter
1189 784 1223 838 et

68 862 157 928 exilii
177 865 365 927 sententiam
387 864 563 928 sustinebit.
791 875 792 882 ¹

91 951 163 1012 VII.
182 947 233 1020 No
246 950 457 1030 promissione
466 948 500 1027 ¹)
515 969 676 1016 munerum
696 949 823 1016 honorae
844 951 956 1030 gratie
978 946 1192 1008 venumdatur.

160 1031 242 1111 Quia
267 1050 330 1094 non
358 1033 486 1113 expedit
511 1040 548 1095 ut
568 1032 681 1095 donum
703 1035 805 1116 sancti
825 1035 952 1114 spiritus
972 1033 1114 1113 pecuniis
1132 1049 1223 1092 eom-

69 1126 215 1203 paretur‚
241 1134 436 1199 quamquam
455 1137 497 1180 ex
517 1117 580 1181 hoc
597 1121 790 1200 antiquorum
811 1137 962 1180 canonum
983 1116 1165 1194 disciplinae
1188 1120 1222 1176 et

68 1203 261 1284 multiplices
281 1211 431 1264 maneant
457 1211 490 1265 et
518 1201 679 1284 divorsae,
709 1213 814 1265 tamen
844 1202 917 1284 quia
944 1219 1080 1264 necesse
1108 1208 1159 1262 est
1188 1205 1223 1261 ut
1317 1273 1322 1281 Ι
1375 1235 1378 1245 ·

72 1289 268 1370 frequentius
287 1288 467 1350 retundatur
487 1289 568 1369 quod
584 1289 652 1350 sine
667 1288 896 1350 intermissione
910 1285 1130 1366 praesumitur,
1151 1285 1222 1345 ideo

71 1375 215 1447 novellae
236 1371 333 1454 hujus
351 1370 556 1440 institutionis
577 1374 737 1452 formulam
747 1371 782 1452 ³]
798 1373 1000 1434 instituentes
1016 1369 1221 1450 decernimus,

72 1466 106 1522 ut
133 1459 320 1540 quicumque
355 1475 410 1538 pro
444 1458 630 1521 conferendo
669 1461 812 1540 cuiquam
840 1457 1009 1521 sacerdotii
1037 1455 1137 1537 gradu
1165 1463 1222 1515 aut

71 1561 184 1606 munus
215 1541 432 1624 quodcumque
461 1553 515 1604 aut
536 1543 770 1622 promissionem
791 1543 927 1606 muneris
949 1553 1117 1621 mitequam
1137 1539 1221 1602 ordi-

69 1638 163 1692 netur
187 1627 362 1708 aceeperit,
389 1625 442 1688 vel
470 1627 564 1695 etiam
584 1637 751 1710 postquam
772 1625 931 1692 ordioatus
952 1627 1043 1688 firerit
1063 1623 1096 1686 in
1117 1626 1220 1705 aliquo

70 1733 109 1786 se
130 1731 185 1794 pro
206 1713 268 1774 hoe
289 1713 358 1794 ipso
380 1715 620 1793 praesumpserit
646 1714 815 1792 muneram,
838 1714 914 1774 sive
941 1713 993 1773 ille
1022 1711 1075 1791 qui
1100 1708 1221 1772 dederit

70 1801 142 1862 sive
163 1798 216 1879 qui
236 1798 395 1878 acceperit·
417 1795 511 1876 juxta
537 1799 727 1862 sententiam
752 1795 1022 1863 Chalcedonensis
1048 1791 1171 1856 concilii
1185 1793 1221 1870 ⁴)

70 1883 189 1967 gradus
210 1883 259 1944 sui
279 1882 448 1963 periculum
469 1881 645 1946 sustinebit.
772 1889 774 1896 '
1186 1882 1188 1892 ’

80 1971 164 2032 VIII.
184 1965 235 2032 Nc
255 1975 392 2032 nectarea
403 1966 436 2045 ⁵)
458 1968 611 2030 centenae
625 1967 701 2050 pilus
718 1970 850 2048 proprie
875 1985 970 2048 quana.
989 1963 1209 2044 eeclesiastico

415 2053 496 2132 jara
515 2051 660 2132 laborare
684 2053 865 2116 intendent.
887 2095 889 2100 ,
1202 2043 1204 2050 ’

148 2140 223 2200 Non
245 2137 340 2199 decet
361 2147 500 2218 rectores
521 2137 677 2201 ecclesiae
699 2137 730 2197 in
744 2139 818 2198 'suis
839 2144 985 2197 strenuos
1004 2143 1038 2195 et
1058 2135 1089 2195 in
1110 2129 1221 2196 eccle-

72 2225 212 2288 siasticis
241 2223 336 2286 rebus
363 2241 437 2284 esse
466 2223 625 2285 remissos
664 2225 747 2286 Nam
768 2220 969 2301 quorumdam
990 2219 1086 2282 fertur
1107 2217 1220 2299 opinio,

70 2309 155 2390 quod
177 2308 301 2390 quidam
322 2306 519 2380 sacerdotum
540 2309 672 2372 familias
694 2308 850 2371 ecclesiae
871 2305 903 2368 i'n
925 2307 995 2366 suis.
1011 2307 1142 2388 propriis
1170 2303 1219 2364 la—

70 2397 197 2458 boribus
225 2400 392 2473 quassent,
421 2393 464 2454 rei
492 2391 637 2473 propriae
661 2393 833 2472 proiectum
854 2399 1029 2472 augentes,
1057 2390 1220 2452 dominicis

69 2500 146 2542 vero
168 2475 364 2558 dispendium
385 2479 568 2559 nutrientes.
585 2471 681 2542 'Unde
699 2479 885 2560 quicumque
906 2476 965 2535 sub
987 2474 1048 2535 hoc
1070 2473 1220 2554 neglectu

69 2585 124 2628 res
151 2560 275 2628 divinas
303 2561 442 2626 laborare
472 2561 646 2642 distulerit,
674 2563 812 2641 speciali
840 2560 956 2639 placito
986 2557 1219 2638 distringendus

69 2657 140 2729 est,
156 2649 301 2730 qualiter
328 2646 356 2707 si
384 2646 426 2708 de
451 2647 548 2708 rebus
573 2643 636 2708 seu
659 2644 837 2728 augmentis
866 2643 1023 2704 ecelesiae
1052 2648 1219 2720 quaestum

69 2735 125 2798 vel
151 2734 275 2794 labores
300 2732 347 2794 rei
374 2729 516 2814 propriae
532 2731 565 2809 ¹)
593 2731 696 2814 auxit,
726 2737 760 2792 et
775 2727 811 2808 ¹)
837 2747 878 2790 ex
903 2727 965 2788 hoo
991 2725 1220 2788 ecelesiasticis

64 2821 165 2884 rebus
195 2825 251 2880 aut
280 2817 462 2897 neglectum
492 2817 610 2880 laboris
643 2812 784 2878 exhibuit
814 2821 869 2876 aut
889 2811 1133 2877 ¹minorationem
1164 2810 1218 2870 vel

68 2903 276 2987 perditionem
300 2899 441 2968 induxit:
468 2893 616 2984 quidquId
644 2900 676 2963 in
704 2901 798 2964 rebus
824 2899 980 2962 eeclesiae
1006 2892 1220 2960 minorationis

69 2988 231 3070 exhibuit,
263 2995 364 3049 totum
379 2987 413 3066 ¹)
429 2985 481 3050 ‚de
509 2988 602 3054 rebus
618 2985 752 3068 ‚propriis
773 2983 930 3052 eeclesiae
949 2981 991 3042 illi
1012 2980 1159 3044 restituat
1173 2979 1218 3062 ⁰),

71 3094 115 3138 ex
146 3072 236 3153 cujus
267 3071 362 3144 rebus
393 3080 489 3153 atque
521 3071 681 3152 suffragiis
714 3087 791 3132 suos
829 3067 1017 3130 convinctus
1032 3067 1103 3146 10)“
1126 3067 1220 3128 fuerit

70 3157 240 3240 ampliasse
266 3157 399 3219 labores.
448 3155 540 3234 Quod
569 3157 597 3217 si
624 3154 738 3236 aliquid
766 3172 821 3236 pro
848 3150 1033 3216 utilitatibus
1060 3151 1219 3216 ecclesiae

63 3253 127 3308 aut
146 3243 341 3306 substantiae
363 3239 517 3322 expendit¹
532 3249 588 3303 aut
608 3238 763 3322 dispendii
783 3240 836 3301 vel
855 3239 1039 3321 perditionis
1060 3236 1219 3318 quidpiam
1322 3266 1326 3272 =

69 3325 280 3411 pertulit¹¹),
314 3325 342 3388 si
371 3327 432 3388 hoo
463 3325 668 3407 comprobare
692 3325 845 3406 potuerit,
879 3332 979 3386 totum
1007 3323 1049 3383 illi
1077 3343 1096 3385 a
1123 3323 1219 3383 rebus

71 3413 216 3494 ejusdem
237 3413 394 3474 ecelesiae
415 3411 628 3475 reformabitur
647 3429 703 3492 pro
723 3409 814 3492 cujus
833 3405 1019 3470 utilitatibus
1043 3405 1077 3467 id
1096 3425 1220 3486 expen-

68 3501 157 3562 disse
178 3491 400 3578 probatur‘ss).
1204 3487 1209 3494 ’

153 3580 283 3648 Gratias
304 3583 410 3664 itaque
430 3581 634 3663 omnipotenti
654 3579 832 3663 peragimus
861 3577 941 3660 deo;
970 3584 1044 3656 post
1069 3575 1151 3637 haec
1168 3576 1219 3652 ,sit

70 3687 155 3749 pax,
181 3667 268 3730 salus
294 3675 328 3728 et
353 3667 539 3730 ‘diuturnitas
565 3667 705 3747 piissimo
734 3673 768 3726 et
795 3665 924 3726 amatori
951 3660 1071 3725 Christi
1096 3661 1220 3722 domino

68 3762 176 3815 nostro
196 3749 371 3815 Wambani
385 3751 440 3831 ¹¹)
461 3755 545 3834 regi,
575 3749 668 3830 cujus
687 3748 815 3814 devotio
836 3767 895 3813 nos
915 3747 1039 3810 adhoc
1059 3745 1220 3822 decretum

69 3837 260 3904 salutiferum
297 3837 510 3916 convocavit,
545 3834 683 3899 dininam
706 3836 905 3917 postulantes
933 3831 1146 3913 clementiam,
1182 3840 1219 3894 ut

67 3923 170 4003 -gloria
196 3921 473 4006 Christiregnum
500 3919 571 4002 ejus
598 3923 776 3987 corroboret
802 3938 903 4002 usque
933 3917 975 3979 ad
1000 3917 1139 3980 ultimam
1160 3937 1218 3981 se-

71 4016 250 4087 nectutem,
281 4014 464 4088 praestante
486 4005 564 4086 ipso
596 4007 648 4087 qui
681 4025 751 4070 curn
783 4013 872 4086 petre
902 4011 936 4064 et
964 4003 1076 4083 spiritu
1099 4014 1219 4068 saneto

72 4111 152 4154 unus
173 4091 254 4154 vivit
274 4103 309 4155 et
328 4093 477 4175 gloriatur
497 4093 529 4152 in
550 4093 687 4154 trinitate
708 4091 788 4154 deus
808 4090 839 4151 iu
860 4089 990 4152 saecun
1014 4091 1219 4154 saeculorum.

114 4259 142 4326 Ι)
161 4267 305 4321 arperttatta
319 4267 410 4312 neniae
426 4267 565 4321 increpatio
582 4260 611 4312 in
628 4264 663 4324 t.‚
685 4268 810 4323 asperitas
832 4265 914 4311 catera
935 4269 1027 4319 nbntce.
1045 4266 1221 4322 increpationis

138 4327 168 4380 in
185 4326 275 4389 nihi.
307 4358 343 4368 —
378 4328 671 4396 strenuissumus.
697 4359 732 4370 -·
766 4329 795 4398 8)
813 4331 971 4392 fornronr'M.
998 4359 1033 4368 —
1066 4330 1098 4397 ⁴)
1116 4327 1220 4382 Can2.

114 4397 259 4479 ¹’practerea
275 4397 303 4450 in
320 4415 354 4450 m.
370 4396 413 4464 M„
443 4427 478 4438 -
520 4401 694 4467 ⁶placeretur
711 4408 765 4455 sair
781 4403 881 4462 proprie
898 4399 926 4451 in
946 4417 980 4452 m.
997 4399 1034 4449 Μ.
1068 4426 1105 4437 -
1147 4399 1176 4467 7)
1194 4409 1222 4450 nt

140 4473 221 4532 tut,
238 4477 263 4524 ct
280 4467 308 4519 in
326 4485 360 4519 m.
378 4469 415 4520 Μ.
451 4496 486 4512 -·-
529 4471 560 4536 ⁸)
578 4479 674 4526 tantona
688 4471 727 4523 Μ.
767 4500 802 4511 --
845 4469 874 4536 θ)
892 4471 1009 4530 quidquid
1026 4476 1144 4522 tnrebus
1161 4477 1220 4520 eccl.

144 4547 230 4590 mtnntt
247 4546 284 4591 uu
301 4547 418 4590 restituet
434 4537 463 4592 in
479 4557 515 4610 m.
534 4541 570 4592 M.
613 4569 649 4580 -
688 4541 738 4608 1⁰)
755 4547 882 4592 cunctetur
897 4538 935 4590 Μ.
970 4537 1013 4578 -·’
1045 4538 1095 4608 ¹¹)
1113 4535 1221 4604 pertale-

142 4614 176 4662 rtt
193 4608 229 4660 nr.
264 4638 300 4650 -
340 4609 390 4676 12)
409 4611 635 4672 comprobatarM.
669 4637 705 4650 -
728 4609 777 4678 18)
801 4617 933 4663 Wcmoono
951 4607 988 4659 M.
1021 4635 1056 4646 ·-
