2864 5042
398 235 459 300 an
480 233 655 312 osnaoa
675 232 922 318 nasooaos
1124 179 1129 186 ¹
1170 236 1249 330 aaa

43 399 264 492 purgaturi
307 405 344 470 Si
364 407 447 470 euim
468 405 605 470 obrisma
625 405 760 473 intusum
782 404 879 490 capiti
899 402 1034 490 gratiam
1055 423 1151 474 suam
1168 415 1243 508 totq
1274 399 1281 408 ’

44 493 202 574 corpori
228 493 364 574 impertit
376 537 387 573 ,
422 491 620 554 nibilominus
654 501 687 555 st
716 491 808 556 tertio
837 491 988 560 scrutinio
1015 502 1177 556 scrutatus
1206 496 1242 575 sq?

44 581 148 642 oleo
178 576 271 640 morit
300 585 487 658 contaetus,
517 597 579 639 non
600 596 715 660 saepe,
738 575 798 658 sed
817 577 916 640 semel
936 573 1052 640 virtute
1073 597 1132 642 sua
1154 576 1240 642 deus

46 673 227 748 operatur
245 663 279 724 in
300 671 449 746 tempore.

242 781 298 845 lx.
344 783 435 862 Quod
453 782 562 845 acoris
583 801 721 844 amorem
740 781 855 848 ducere
874 801 938 844 aon
959 779 1068 870 lieeqt.

166 883 215 951 De
245 903 285 948 eo
314 886 367 966 qui
393 901 531 950 sororem
559 885 666 951 uxoris
691 903 770 948 suae
797 885 920 948 duxerit
948 903 1077 946 uxorem
1104 883 1136 945 iu
1157 883 1232 970 lega

59 961 201 1032 veteris
222 969 404 1034 testamenti
419 969 453 1049 Ι]
482 969 633 1050 scriptum
660 977 712 1034 est
737 969 777 1032 ad
805 969 1020 1034 suscitandum
1041 989 1153 1048 semen
1172 963 1232 1034 da÷

58 1055 179 1118 funoti
199 1054 301 1118 fratris
328 1063 473 1138 oportere
500 1053 615 1118 ducere
636 1074 783 1137 uxorem,
811 1057 856 1120 ita
877 1064 983 1118 tamen
1004 1055 1033 1121 ai
1052 1054 1167 1123 liberos
1190 1074 1231 1131 ex

61 1139 194 1203 eodem
214 1141 336 1202 minime
351 1141 537 1221 reliquisset.
568 1139 644 1202 lude
666 1150 717 1203 est
737 1137 818 1202 enim
834 1140 915 1226 quod
930 1140 1073 1204 Joaones
1094 1139 1231 1228 baptista

62 1225 269 1288 contradixit
294 1225 427 1305 Herodi,
458 1225 601 1306 quoniam
630 1243 694 1289 non
719 1224 836 1288 licebat
863 1227 892 1289 ei
921 1227 1066 1308 accipere
1090 1245 1229 1308 uxorem,

60 1313 151 1394 quia
173 1309 214 1374 de
235 1311 328 1374 fratre
349 1312 515 1391 reliquerat
541 1307 622 1374 lilios
636 1306 681 1389 ²).
724 1309 843 1374 'l'amen
871 1331 926 1394 pro
949 1321 997 1374 ter
1019 1311 1139 1376 virilem
1165 1330 1229 1399 go-

60 1393 269 1458 neratiooem
303 1394 387 1479 legis
420 1395 604 1458 constitutio
633 1397 806 1476 imperabat
837 1395 898 1459 hoo
926 1332 993 1460 ieri
1022 1416 1042 1460 a
1068 1398 1155 1480 vim3
1187 1393 1229 1461 da

64 1482 219 1544 foeminis
240 1499 395 1561 nusquam
416 1488 468 1541 est
486 1481 613 1560 lectum,
630 1481 791 1544 sed'forte
810 1491 1059 1568 praesumptum
1080 1502 1152 1545 uam
1173 1482 1228 1544 lex

68 1567 175 1630 dicit:
205 1560 398 1630 Maledictus
429 1565 485 1648 qui
516 1585 586 1628 oum
617 1569 726 1629 weris
756 1587 835 1631 auce
865 1587 971 1631 sorore
1002 1567 1170 1630 domicra't
1183 1564 1227 1647 ⁸).

69 1651 235 1734 Numquid
267 1653 320 1743 qui
332 1651 368 1732 ⁴)
399 1649 479 1713 duas
510 1648 619 1714 habuit
649 1669 781 1716 uxores.
795 1653 900 1716 Jacob
931 1671 992 1716 uno
1022 1655 1055 1715 in
1084 1661 1227 1733 tempora

68 1756 200 1810 sorores
224 1755 323 1801 eausa
343 1735 484 1821 mysterii
505 1744 539 1806 et
559 1737 769 1820 moabiam,
796 1747 830 1800 et
852 1739 1032 1820 omnesqui
1053 1740 1120 1800 nati
1141 1747 1225 1817 sunt,

65 1824 269 1906 patriarchae
297 1831 373 1886 sunt
399 1817 574 1903 appellati?
604 1842 688 1886 nunc
709 1823 790 1904 jam-
803 1823 990 1886 Christianis
1018 1822 1135 1884 babere
1163 1839 1227 1898 uoq

63 1909 267 1992 permittitur.
309 1905 468 1989 Numquid
490 1908 543 1988 qui
556 1906 592 1986 ⁴)
620 1925 736 1971 uxores
757 1915 792 1970 ot
807 1906 1002 1970 concubinas
1021 1900 1226 1971 babuerunt?

64 1995 131 2058 sed
159 2013 245 2056 nunc
265 1994 328 2057 hoo
348 2012 410 2055 uon
437 1990 556 2074 patitur
581 1990 648 2054 fiori
675 1998 911 2074 testamentum,
941 1991 995 2054 ubi
1021 1991 1157 2071 amplius
1184 1989 1225 2053 da

65 2082 255 2164 integritate
280 2087 432 2142 tractatur
452 2085 486 2140 et
506 2075 640 2140 castitas
661 2077 788 2142 Christo
808 2076 944 2142 docente
965 2076 1126 2158 laudatur,
1153 2094 1226 2140 oum

68 2165 170 2230 dicit:
199 2162 276 2230 Non
297 2183 403 2227 mones
424 2164 558 2246 cupiunt
578 2163 708 2226 cardian
724 2164 793 2240 dei,
814 2163 873 2226 aad
892 2161 1004 2248 qmdaaa
1023 2162 1121 2225 datur
1135 2161 1179 2243 ὅ)

67 2268 111 2348 X.
133 2285 185 2349 De
204 2285 248 2346 iia
263 2286 318 2366 qui
337 2281 532 2346 saecularem
546 2288 743 2364 potestatem
763 2289 929 2365 gestarumi
948 2281 994 2345 ad
1012 2283 1227 2365 episcopatuum

491 2387 559 2430 sou
578 2369 816 2449 promovendis(
889 2394 891 2404 ·

155 2467 234 2534 Eos
250 2477 415 2551 praeterea
442 2467 496 2551 qui
522 2470 717 2533 saewlarem
736 2469 844 2550 adepti
865 2477 1057 2549 potestqtem
1072 2467 1127 2548 jus
1148 2485 1226 2529 sae·

70 2557 137 2620 ouli
150 2556 184 2635 θ)
206 2563 431 2635 exercuerunt,
456 2553 609 2616 immunes
629 2573 650 2615 a
670 2562 805 2634 peceato
826 2571 902 2616 esse
921 2559 983 2615 non
1004 2573 1101 2634 posse
1119 2553 1223 2614 mauis

67 2644 189 2705 festum
204 2650 271 2723 ost3
291 2640 364 2703 dum
378 2641 460 2702 anim
474 2649 509 2704 at
523 2638 648 2722 gladius
667 2641 805 2701 exeritur
826 2648 881 2716 aut
897 2637 1047 2718 judicium
1067 2638 1224 2716 confertur

65 2727 219 2808 injustum
241 2725 295 2788 aut
315 2733 470 2787 tormenta
490 2733 678 2793 exercentur
696 2743 752 2806 pro
772 2723 968 2800 necessitato
988 2741 1152 2802 oausamm
1164 2729 1223 2784 aut

65 2810 218 2896 parandis
239 2811 388 2891 enbibeut
406 2811 747 2894 voluptatibusblllam
769 2820 832 2890 aut·
844 2808 1037 2898 praeparatis
1057 2811 1220 2890 intersunt,

68 2900 103 2960 in
131 2899 182 2960 his
209 2916 247 2960 se
274 2898 386 2978 quibus
412 2896 667 2983 renuntiaverunt
694 2895 795 2964 denuo
823 2899 999 2976 sociantes,
1027 2893 1220 2975 disciplinam

66 2979 300 3053 observationis
319 2981 465 3048 traditam
486 2990 694 3058 mutaverunt.
734 2981 867 3068 Multum
897 2981 959 3044 sibi·
984 2988 1162 3063 praestant,
1190 2977 1220 3041 si

65 3085 134 3133 nun
162 3069 377 3150 episcopatum
406 3067 578 3152 affectent,
607 3065 667 3144 sed
692 3076 816 3156 prepter
841 3067 924 3143 haec
952 3068 1054 3143 omnia
1069 3131 1070 3135 ,
1084 3072 1220 3149 agentes

67 3153 296 3236 poenitentiam
318 3163 404 3218 oerto
420 3161 564 3232 tempore
584 3150 711 3234 impleto
733 3162 909 3229 mereantur
930 3154 1078 3236 altaribus
1097 3148 1219 3218 sociari.

68 3232 249 3304 Nio'aeuum
269 3235 488 3317 concilium⁷),
509 3237 612 3300 divino
634 3235 742 3320 spiritu
764 3248 930 3322 aunuente,
952 3239 1025 3302 dum
1046 3239 1119 3302 fidei
1141 3258 1220 3301 oon-

68 3324 171 3389 fossio
192 3323 305 3389 fuisset
320 3323 390 3405 jure
411 3321 542 3404 firmata,
555 3324 651 3388 etiam
665 3323 856 3402 apostolicas
876 3323 1058 3388 traditiones
1078 3319 1218 3400 episcopi

68 3411 104 3478 in
123 3428 218 3480 unum
243 3409 430 3494 corrgregati
456 3408 496 3471 ad
526 3406 659 3470 omnium
685 3404 826 3467 notitiam
853 3409 1015 3483 pervenire
1043 3405 1218 3481 voluerunt,

67 3492 257 3558 definientes
277 3495 356 3558 inter
377 3504 493 3572 uetera,
507 3511 610 3571 nequo
629 3489 804 3552 abscissum
824 3490 970 3552 clericum
984 3486 1060 3569 fieri,
1075 3488 1240 3569 quoniam,

68 3581 235 3647 abscissus
267 3588 299 3642 et
329 3579 430 3642 mollis
460 3597 521 3645 non
549 3574 718 3636 introibunt
747 3574 957 3644 sanctuarium
988 3570 1048 3648 dei.
1097 3569 1219 3633 Deinde

72 3674 147 3750 post
168 3664 314 3745 baptismi
332 3662 480 3748 gratiam,
500 3669 574 3747 post
592 3657 817 3742 indulgentiam
838 3666 1038 3740 peccatorum
1058 3675 1128 3718 oum
1150 3657 1220 3738 quis
1284 3675 1286 3680 ·

71 3749 193 3827 saeuuli
210 3749 320 3817 militia
340 3738 432 3815 fuerit
453 3747 615 3832 gloriatus,
629 3743 682 3814 vel
702 3745 786 3817 illurn
801 3745 853 3830 qui
872 3745 1005 3832 purpura
1027 3751 1061 3818 et
1078 3741 1217 3824 fascibus

70 3833 168 3911 luerit
192 3831 387 3914 delectatus,
415 3829 456 3906 ad
475 3830 685 3896 sacerdotium
705 3829 808 3912 aliqua
827 3829 993 3910 irruptione
1015 3827 1139 3894 raiuime
1159 3825 1219 3891 ad-

74 3921 153 3989 mitti
170 3917 351 4002 jussemus
381 3919 499 3992 meritis
520 3919 602 3980 enim
624 3924 667 3987 at¹
684 3913 902 3981 observatione
930 3911 1012 3998 legis
1029 3910 1081 3991 'ad
1107 3914 1219 3993 istius-

72 4004 159 4088 modi
188 3995 353 4090 dignitatis
384 4003 507 4088 onumen
536 3999 711 4082 accedunt,
741 4020 807 4067 non·
834 3999 971 4080 Simonis
1001 3995 1148 4094 pecunia
1166 3999 1219 4060 vel

73 4092 180 4178 gratia
210 4091 280 4174 quis
311 4090 425 4174 poterit
450 4087 613 4174 pervenire
644 4094 697 4160 aut
725 4085 833 4150 favore
863 4081 1018 4183 populari:
1033 4105 1110 4163 qun
1139 4085 1219 4159 enim
1321 4163 1323 4166 ι

49 4177 151 4260 'quid
176 4176 312 4260 pupulus
335 4175 413 4247 Velit
439 4173 496 4245 aad
526 4168 600 4254 quid
630 4165 817 4260 evaugelioa
842 4167 1004 4264 disciplipa
1022 4165 1220 4273 perquiritur„

118 4399 146 4466 ι)
164 4399 242 4450 nort.
261 4393 310 4460 ao,
328 4392 355 4450 o.
388 4424 424 4435 -
466 4391 753 4464 presumat.
797 4425 833 4436 -
873 4383 1149 4463 'oscaram
1186 4422 1221 4433 -

116 4469 148 4536 ⁴)
170 4467 235 4522 Sine
259 4471 343 4525 causa'
361 4473 403 4524 qut
425 4465 537 4520 aSirm.
560 4463 794 4532 praetermissum,
822 4463 885 4516 item
914 4462 1024 4572 iqserius
1046 4468 1107 4513 ente
1132 4478 1222 4516 vocem

145 4532 525 4672 iiii‘iir‘aiiliiiis-
551 4531 1222 4671 :lltililbtlnnnllltttfttu:
