2858 5036
194 237 242 342 aa
394 341 396 348 ,
497 269 738 341 cononum
758 219 1048 338 nnnmnnnsn.
1151 299 1158 307 ·

196 445 331 512 nonibn's
358 451 427 508 erat
453 443 632 529 decretam,
661 453 697 508 ιιι
718 444 887 526 episcopus
907 443 948 508 de
969 431 1180 524 parochitanis
1201 441 1358 506 ecclesiis

190 533 323 596 *tertiam
343 541 536 614 sequeretur,
562 532 615 595 cui
634 548 693 594 sna
715 531 896 612 plenissime
916 529 1063 592 sufficere
1084 537 1227 609 possunt
1272 529 1359 590 Pla-

199 620 267 682 cuit
287 617 361 680 hnic
381 625 495 678 sancto
515 615 669 697 concilio,
698 624 734 678 ut
753 616 856 678 nullus
875 615 1055 696 provinciae
1075 615 1259 678 Lusitaniae
1281 615 1358 693 epi-

199 723 318 784 scopus
350 699 527 764 sententiae
558 699 652 780 hujus
683 699 846 764 terminum
877 697 1035 782 excedat,
1066 715 1128 762 nec
1160 717 1181 762 a
1210 699 1358 780 qnalibet

199 789 403 870 parochitana
431 787 570 850 ecclesia
597 786 719 848 tertiam
747 785 869 848 auferre
894 792 1093 866 praesumat3
1122 783 1181 846 sed
1202 781 1356 864 quidquid

201 871 316 936 exinde
343 871 494 951 consequi
520 879 682 952 potuerat,
711 877 813 932 totum
834 869 865 932 ln
886 872 1111 950 reparationem
1134 869 1270 949 ipsamm
1293 870 1358 930 bn·-

200 961 356 1022 silicamm
382 956 534 1036 proficiat.
581 953 700 1017 Omnes
718 973 796 1018 vero
822 953 993 1036 supradicti
1013 953 1189 1036 presbyteri
1209 953 1264 1035 qni
1285 955 1356 1014 vir-

200 1052 302 1106 tutem
330 1039 493 1104 habuerint
521 1039 672 1122 episcopo
700 1058 759 1102 suo
787 1040 937 1120 placitum
966 1041 1100 1121 faciant,
1137 1047 1172 1100 nt
1205 1058 1356 1119 reparare

143 1189 148 1200 ,
201 1126 359 1191 ecclesias
378 1127 438 1188 sibi
460 1125 645 1188 commissas
664 1125 836 1187 intendant
876 1121 1018 1202 Quodsi
1038 1125 1145 1186 lacere
1164 1123 1356 1206 distulerint,

202 1217 242 1276 ab
263 1215 414 1294 episcopo
435 1229 493 1272 sno
514 1208 647 1272 districti
668 1211 823 1274 ecclesias
843 1209 903 1272 sibi
923 1210 1075 1290 creditas,
1103 1217 1141 1272 ut
1165 1209 1244 1270 ratio
1276 1229 1357 1290 per-

201 1301 312 1379 mittit,
338 1297 433 1378 digne
458 1303 613 1375 reparent.
658 1295 826 1358 Ecclesiae
852 1303 976 1377 tamen,
1002 1314 1083 1376 quae
1104 1292 1280 1358 mundiales
1302 1311 1357 1356 res

200 1385 302 1470 nullas
322 1384 448 1459 habent,
468 1378 686 1458 sollicitudhre,
706 1377 878 1448 intentione
894 1389 927 1445 et
945 1377 1148 1464 dispositione
1169 1379 1356 1462 episcopali,

201 1478 238 1531 ut
257 1467 335 1530 ratio
355 1465 547 1546 permiserit,
568 1464 706 1530 habeant
723 1462 979 1548 reparationem..
1196 1473 1198 1482 ‘
1235 1477 1239 1482 '

100 1577 104 1590 ¹
199 1595 301 1662 xvn.
339 1591 382 1658 Ut
396 1599 473 1676 poet
491 1599 623 1656 mortem
644 1595 784 1675 episcopi
804 1591 885 1657 nulli
905 1593 1113 1674 subjeetum·
1134 1591 1234 1655 dcent
1253 1591 1297 1653 de
1318 1611 1358 1654 eo

229 1751 231 1756 Ι
575 1678 759 1762 γᾳιιίιιᾳιιιιιη
778 1677 955 1744 narratae.

255 1777 258 1787 '
288 1761 371 1844 Quia
397 1782 454 1844 per
479 1761 615 1826 divinam
642 1763 775 1844 gratiam
801 1764 833 1824 in
860 1772 972 1828 sancta
994 1763 1045 1826 dei
1065 1763 1203 1826 ecclesia
1224 1761 1358 1843 episco-

201 1851 283 1934 palis
298 1849 454 1912 ordinatur
467 1855 623 1929 potestas,
642 1847 770 1932 dignum
791 1857 842 1910 est
863 1857 898 1909 ut
919 1847 1002 1910 sicut
1021 1849 1137 1912 honore
1158 1856 1191 1910 et
1212 1848 1358 1911 bonitate
1417 1873 1418 1878 ¹

203 1955 343 2008 summus
370 1935 503 1998 habetur
529 1934 561 1996 in
587 1934 672 2012 vita,
702 1933 747 1994 ita
768 1941 992 2014 postmortem
1013 1931 1165 1997 detractio
1187 1933 1227 1998 de
1249 1951 1288 1994 eo
1313 1935 1358 1996 sit
1417 1927 1418 1934 '

203 2023 296 2087 nulla
337 2019 440 2102 Hujus
461 2019 507 2080 rei
532 2037 630 2082 causa
655 2018 738 2080 hanc
764 2019 953 2094 sentent-iam
973 2019 1100 2099 protulit
1120 2027 1153 2080 et
1174 2038 1229 2098 per
1250 2019 1358 2086 omnia

199 2107 291 2190 jubet
316 2124 391 2168 esse
418 2105 535 2168 firmam
563 2104 770 2186 congregatio
796 2112 911 2167 nostra.
951 2103 1157 2168 Instituentes
1177 2100 1272 2185 igitur
1292 2102 1357 2165 de·

203 2189 377 2272 cernimus,
402 2198 439 2254 ut
458 2189 561 2250 nullus
581 2188 746 2267 subjectus
766 2187 971 2252 decedentem
994 2187 1139 2254 detrahat
1158 2190 1356 2269 episcopum,

203 2277 306 2340 nullus
334 2273 374 2336 de
401 2293 441 2334 eo
470 2274 602 2353 deroget
629 2291 690 2335 nec
709 2273 823 2336 malurn
844 2272 1011 2354 quidquam
1031 2273 1182 2354 loquatur.
1223 2273 1261 2336 st
1280 2275 1357 2352 quis
1418 2289 1419 2302 ¹

203 2359 279 2423 talia
301 2359 451 2438 deinceps
471 2358 577 2423 lacere
598 2359 858 2438 praesumpserit,
885 2359 913 2420 si
934 2358 1098 2441 presbyter
1117 2357 1223 2437 fucrit,
1253 2357 1355 2422 tribus'

203 2447 365 2510 mensibus
386 2445 425 2508 ab
448 2439 596 2524 episcopo
618 2460 676 2504 suo
698 2444 757 2504 sub
779 2443 970 2522 poenitentia
992 2443 1188 2526 religatus1)
1207 2452 1356 2524 maneat3
1418 2433 1419 2450 ¹

204 2534 234 2596 si
260 2531 428 2609 diaconuS,
456 2530 611 2610 quinque;
639 2527 669 2588 si
687 2526 974 2592 subdiaconns’aut
994 2529 1127 2596 clericus
1147 2528 1200 2591 vel
1222 2529 1356 2609 quilibet

203 2619 373 2699 religiosus
400 2614 439 2675 de
465 2612 572 2695 majori
598 2611 716 2694 gradu,
745 2613 819 2694 quia
846 2622 971 2680 constat
998 2634 1040 2676 ex
1065 2615 1115 2680 his
1137 2611 1204 2693 jam
1229 2613 1356 2694 aliquos

109 2699 114 2704 ’
204 2724 261 2787 per
281 2704 392 2763 bonam
413 2701 567 2762 actionem
588 2716 663 2760 esse
676 2697 883 2782 venerandos,
897 2718 1032 2780 novem3
1052 2701 1081 2764 si
1102 2699 1217 2766 minimi
1235 2699 1355 2766 fuerim

206 2788 260 2870 qui
284 2789 348 2848 levi
375 2783 469 2846 corde
490 2785 554 2843 sint
574 2779 780 2863 minimaeque
801 2783 904 2848 adhuc
923 2803 1094 2864 personae,
1122 2784 1356 2866 quinquagenis
1419 2849 1420 2864 ,

129 2938 137 2952 ,
204 2868 341 2954 flagellis
363 2867 506 2950 jussione
536 2867 684 2929 feriantur
709 2870 870 2949 episcopi:
903 2868 986 2948 qnod
1015 2867 1044 2930 si
1062 2870 1180 2951 laicus,
1207 2871 1355 2950 quamvis

206 2960 381 3038 ingenuus,
410 2957 441 3016 in
469 2951 561 3015 domo
588 2952 745 3016 ecclesiae
773 2962 879 3026 tamen
904 2955 1039 3018 nutritus
1067 2964 1101 3016 et
1127 2955 1167 3016 ab
1193 2955 1355 3018 ccclesiae

204 3045 300 3108 rebus
324 3038 487 3121 dignitatis
506 3039 608 3120 gratia
627 3038 804 3119 praeditus,
821 3037 913 3118 juxta
934 3038 1016 3120 quod
1038 3038 1177 3122 dignitas
1199 3037 1270 3120 ejus
1291 3059 1354 3100 ex-

97 3154 104 3160 ·
205 3127 325 3210 egerit,
355 3143 411 3205 pro
431 3125 487 3186 tali
508 3141 645 3198 excessu
664 3123 993 3192 excommunicationis
1014 3126 1172 3202 sententia
1192 3124 1355 3190 feriendus

206 3215 284 3304 erit,
305 3212 429 3272 sivero
452 3209 492 3273 de
512 3206 627 3269 familia
647 3201 804 3286 ecclesiae
824 3210 918 3271 luerit
936 3211 1078 3290 quisque,
1100 3211 1172 3291 quia
1193 3219 1227 3276 et
1248 3208 1281 3270 in
1302 3209 1354 3276 h'ffl

205 3291 403 3366 discretionis
415 3293 450 3372 ²)
465 3301 522 3372 est
543 3291 676 3373 gradus,
697 3293 726 3355 si
745 3292 845 3372 major
864 3292 956 3356 fuerit
977 3293 1030 3376 qui
1049 3293 1203 3377 dignitate
1223 3297 1354 3376 polleat,

206 3405 267 3450 sex
292 3381 452 3446 mensibus
478 3378 519 3440 ab
547 3379 696 3459 episcopo
723 3396 782 3440 suo
810 3382 1099 3466 excommunicatus
1126 3389 1273 3460 maneat3
1302 3382 1354 3442 in·-

204 3471 296 3537 ferior
323 3477 429 3528 tamen
454 3472 509 3526 aut
535 3462 659 3525 minima
685 3483 820 3544 persona
846 3465 1039 3545 disciplinam
1066 3474 1235 3545 mercatur,
1258 3465 1354 3545 juxta

205 3552 288 3638 quod
314 3549 455 3632 episcopi
481 3548 531 3610 sui
557 3546 748 3628 processerit
775 3549 942 3620 sententia.
990 3551 1128 3631 Dignum
1156 3559 1209 3612 cst
1235 3551 1353 3612 etenim

205 3650 242 3704 ut
263 3639 314 3702 oui
334 3639 365 3698 in
388 3637 453 3696 vita
479 3634 576 3697 honor
602 3632 661 3700 tuit
681 3635 864 3716 impensus,
893 3643 967 3718 post
992 3643 1123 3700 mortem
1148 3631 1354 3702 detractionis

202 3723 402 3791 subtrahatur
420 3719 575 3784 stimulus.
1030 3739 1033 3744 ·

203 3851 319 3917 XVIll.
365 3847 408 3910 Ut
437 3845 644 3928 parochitani
669 3843 849 3924 presbytcri
875 3845 976 3924 juata
1002 3852 1039 3904 ut
1060 3863 1157 3926 posse
1183 3800 1353 3906 ιιαῠιιηίηι

228 3939 267 4000 de
281 3933 415 4016 familia
437 3929 589 3994 ecclesiae
608 3947 686 3990 auae
706 3925 837 3988 clericos
857 3929 920 3989 eibi
932 3928 1065 4008 saciant
1085 3935 1119 3994 et
1139 3928 1333 4008 tutemet).

293 4031 450 4118 Quidquid
474 4030 658 4094 unanimiter
671 4028 773 4110 digne
795 4028 966 4109 disponitur
986 4030 1018 4097 in
1037 4038 1152 4094 sancta
1171 4029 1225 4095 dei
1244 4032 1354 4096 ccele-

208 4125 273 4205 sia,
302 4118 514 4185 necessarium
541 4123 647 4182 estut
667 4133 687 4180 a
706 4114 918 4193 parochitanis
945 4115 1136 4195 presbyteris
1163 4116 1353 4178 custoditum

207 4200 342 4272 maneat
384 4203 467 4266 Sunt
491 4199 574 4261 enim
601 4199 755 4278 nonnulli,
784 4200 837 4278 qui
865 4199 1068 4262 ecclesiarum
1093 4218 1219 4262 suarum
1239 4221 1293 4263 res
1314 4201 1353 4263 ad

207 4290 428 4377 plenitudinem
454 4284 587 4363 habent,
613 4294 648 4351 et
674 4282 850 4352 sollicitudo
870 4285 932 4346 illis
949 4284 1035 4348 nulla
1057 4291 1109 4347 cst
1126 4284 1260 4348 habendi
1285 4289 1353 4350 clo-

198 4383 306 4459 ricos,
332 4391 404 4438 cum
431 4370 545 4453 quibus
571 4366 774 4452 omnipotenti
802 4367 862 4430 deo
889 4368 1014 4434 laudum
1036 4367 1147 4448 debita
1172 4372 1354 4451 persolvant

252 4579 283 4713 p}
303 4581 427 4696 spingatae
450 4575 536 4700 iplmt.
552 4574 595 4700 ΙΨ.
622 4623 625 4630 ,
652 4599 689 4696 fi
747 4571 777 4639 ²)
800 4578 956 4629 moenalus
976 4569 1037 4626 add·
1062 4553 1090 4624 in
1111 4587 1145 4626 m.
1171 4571 1208 4626 M.
1243 4599 1279 4614 -

302 4661 335 4696 c»
377 4660 435 4699 ono.
478 4661 540 4698 00·
591 4657 640 4698 .οι
690 4659 784 4692 ι’·’ἱ
822 4675 848 4698 ,a
