2858 5036
201 269 248 338 aa
477 209 719 338 eunonium
745 265 1018 340 mariannan
1038 237 1079 334 ri

399 439 470 504 ΧΠ.
510 439 563 504 oe
582 439 726 526 quadus*
738 437 971 524 Aespholnnsrs
995 440 1152 524 qrieeope.
1228 483 1233 494 .

285 525 480 592 Duodecimn
505 527 632 592 actione
660 527 825 610 ingressus
849 533 903 602 est
921 525 963 590 ad
982 543 1043 590 nos
1062 523 1188 608 qnidam
1208 539 1251 590 tx
1268 522 1371 590 nse-

202 611 514 695 resi'Aeephalornm
526 658 536 694 ,
561 613 699 676 natione·
715 612 833 696 syris,
859 619 897 675 ot
923 609 1039 676 mserit
1063 611 1149 693 ipse,
1169 609 1367 694 episeopus,

202 697 330 762 duarum
345 700 376 762 iu
391 699 518 764 Christo
531 707 708 762 naturarum
721 699 942 780 proprietatem
962 697 1127 780 abnegans
1145 705 1180 760 et
1199 696 1368 762 deitatem

201 785 383 869 psssiffilem
403 801 570 849 asserem:
597 781 689 865 cujus
715 783 789 846 dum
816 784 933 848 nostris
958 783 1106 848 semibus
1131 783 1211 846 tanti
1240 785 1369 848 erroris

200 871 345 936 comasio
370 872 552 952 patuisset,
577 870 707 951 prelatis
732 869 775 932 illi
802 867 844 934 de
869 868 1081 934 incarnatione
1108 866 1223 932 drusui
1253 869 1366 934 nostri

201 959 285 1024 Josu
310 957 428 1022 Christi
442 955 644 1040 ‘testimoniis
677 965 919 1036 sanctorumque
951 963 1073 1037 paunm
1102 950 1273 1018 sententiis
1305 973 1366 1018 re-

199 1043 340 1192 title
356 1039 725 1192 tllfthlltltlt
744 1039 961 1190 altitu
980 1039 1366 1206 ‘tultum

199 1215 275 1278 aitis
293 1215 495 1297 pertimeiter
508 1211 545 1293 ²)
565 1233 622 1295 per
641 1209 757 1278 multos
777 1212 1002 1296 diuturnosque
1021 1212 1187 1278 omittam
1207 1229 1365 1276 commn-

199 1299 323 1364 nienem
334 1299 370 1381 ⁸)
383 1299 531 1380 renitens,
550 1298 677 1362 undem
698 1298 801 1382 patin
819 1298 926 1362 divina
945 1297 1080 1362 edoctus
1098 1299 1224 1364 anneus
1243 1315 1364 1362 corana

189 1385 399 1456 ,ademtihus
424 1383 579 1448 haeresim
607 1385 760 1466 propriam
791 1382 970 1467 abdicavit,
998 1382 1142 1467 duasque
1167 1391 1303 1448 naturas
1326 1391 1363 1448 et

200 1489 293 1534 enam
313 1489 480 1552 personam
501 1471 534 1533 in
552 1487 616 1532 uno
641 1469 816 1554 eodemque
841 1468 965 1535 domino
991 1478 1100 1534 nostro
1118 1471 1201 1534 desa
1222 1469 1363 1534 Christo

199 1557 367 1622 confessus
396 1564 467 1639 est,
495 1555 629 1621 medens
650 1557 872 1640 inpassibilem
891 1566 1033 1620 naturam
1053 1555 1181 1620 deitatis
1201 1563 1302 1637 atque
1326 1555 1361 1618 in

105 1671 109 1684 ·
198 1643 270 1706 sola
289 1641 483 1706 humanitate
509 1644 695 1724 suscepisse
723 1641 918 1707 infirmitates
943 1643 1102 1724 passionis
1116 1641 1152 1721 ⁴)
1180 1649 1216 1704 et
1237 1641 1363 1706 crucis.

200 1727 385 1794 Conversus
405 1729 513 1810 itaque
532 1734 567 1789 et
587 1737 735 1808 receptam
753 1735 925 1811 susceptae
943 1725 1018 1791 fidei
1032 1727 1266 1792 confessionem
1282 1743 1360 1792 mam

198 1814 402 1896 stipulatione
410 1811 611 1896 jurejurando
625 1814 753 1896 protulit
767 1811 811 1896 ⁸),
827 1823 922 1896 atque
934 1813 974 1896 ab
985 1815 1128 1879 omnihus
1147 1813 1216 1876 suis
1237 1809 1360 1876 enom·

198 1899 306 1981 hav)
325 1901 651 1986 purgatus‘apparuit.
682 1900 814 1982 'leliqua
829 1917 886 1982 pro
903 1900 1013 1964 merito
1029 1900 1206 1983 gaudentes
1220 1897 1359 1962 Christo

116 2043 120 2059 ,
198 1987 320 2073 gratias
352 1988 498 2072 egimus,
530 1985 614 2068 quod
646 1984 790 2050 esrnrdem
818 1993 891 2068 post
918 1985 1108 2068 pravitatem
1139 1984 1285 2050 haeresis
1313 1981 1357 2046 ad

197 2071 416 2136 rectitudinem
436 2071 511 2135 fidei
531 2071 637 2135 divina
655 2073 758 2156 gratia
777 2072 1004 2153 promovisset,
1032 2090 1127 2155 qnam
1148 2078 1298 2152 optamus
1318 2075 1358 2132 ut

197 2175 385 2240 permanens
404 2159 437 2220 in
456 2157 520 2220 fide
541 2157 757 2238 christipara
779 2175 819 2224 ae
839 2155 1045 2221 devotissime
1065 2163 1282 2222 conservetur.

213 2295 216 2309 ¹
259 2249 361 2341 xm(
389 2275 442 2338 De
469 2274 592 2339 duodus
618 2278 654 2339 ira
684 2273 810 2338 Christo
834 2277 962 2338 actoris
988 2283 1022 2339 et
1046 2295 1112 2340 aon
1132 2293 1286 2360 persona.

283 2377 391 2442 Tertia
417 2376 541 2445 decima
568 2375 601 2444 id
622 2385 673 2442 cst
694 2378 801 2440 ultima
821 2376 1042 2461 prosecutione
1061 2379 1200 2442 breviter
1218 2397 1350 2442 nanan—

196 2461 280 2530 dum'
303 2461 483 2548 putavimus
517 2463 559 2530 ad
584 2463 803 2528 refutationem
831 2462 1008 2527 eorumdem
1037 2464 1275 2548 haereticorum,
1296 2461 1352 2548 qui

197 2549 278 2616 duas
292 2560 419 2616 naturas
433 2549 553 2616 Christi
571 2559 646 2634 post
665 2550 811 2626 unionem
831 2546 1000 2616 delirantes
1020 2550 1192 2615 eouhrdunt
1213 2559 1249 2613 et
1271 2570 1361 2632 pas-,

195 2637 369 2702 sibilemiu
396 2656 436 2702 co
462 2636 636 2702 divinitatis
660 2633 869 2702 substantiam
895 2645 1058 2720 asserunt3
1085 2646 1194 2701 contra
1218 2655 1353 2720 quorum

196 2723 408 2807 blasphemias
436 2732 560 2804 oportet
587 2741 647 2786 nos
673 2723 706 2784 in
739 2741 802 2784 una
832 2741 969 2802 persona
984 2721 1019 2804 ³)
1053 2719 1171 2788 Christi
1201 2722 1352 2806 geminae
1415 2755 1416 2770 κ

196 2818 327 2875 naturae
347 2809 567 2889 proprietatem
587 2805 771 2888 ostendere,
792 2807 1033 2889 passionemque
1055 2807 1125 2888 ejus
1143 2809 1176 2872 iu
1196 2808 1267 2872 sola
1287 2809 1353 2872 hu·
1415 2813 1416 2820 ³

195 2891 355 2959 maditatis
381 2893 585 2976 susceptione
612 2892 829 2971 manifestare,
855 2900 891 2955 ut
916 2892 945 2956 si
965 2894 1045 2957 forte
1067 2892 1161 2978 aliqui
1181 2894 1350 2958 stultorum
1415 2893 1416 2906 *

195 2977 289 3059 hujus
309 2977 494 3042 inscientiae
509 2976 543 3059 8)
572 2997 674 3042 errore
695 2977 823 3059 decepti
843 2985 933 3061 sunt,
960 2977 1034 3043 dum
1055 2980 1118 3042 ista
1137 2977 1273 3062 legerint
1294 3000 1350 3045 re-

193 3063 347 3148 sipiscant
372 3072 543 3148 rectaeque
564 3063 638 3129 fidei
657 3064 822 3127 veritatem
843 3061 971 3127 firmiter
990 3073 1128 3129 teneant
1167 3066 1251 3128 Nam
1273 3085 1351 3146 pro-

194 3151 248 3216 cul
267 3148 360 3213 dubio
381 3151 470 3213 multi
490 3157 565 3214 sunt
576 3149 610 3228 ⁰)
625 3149 679 3230 qui
695 3147 869 3215 secundum
886 3150 1020 3231 apostoli
1032 3170 1147 3215 vocem
1164 3153 1351 3233 prurientes

193 3234 323 3300 mailros
345 3255 366 3300 o
387 3237 526 3301 caritate
554 3232 747 3320 quadorum)
776 3235 922 3298 auditam
951 3243 1118 3314 comunt,
1148 3236 1194 3302 ad
1212 3237 1350 3320 sedulos

194 3329 303 3388 mern
323 3327 559 3388 connectuntur.
601 3321 705 3404 Ergo,
730 3318 815 3386 sieut
842 3321 1042 3392 immaculata
1067 3321 1149 3386 fides
1174 3330 1208 3384 et
1231 3331 1349 3388 sancta

193 3407 334 3474 ecclesia
359 3405 413 3475 dei
438 3407 549 3492 docet,
577 3406 759 3472 confitemur
780 3404 936 3484 domiuum
955 3417 1095 3471 nostrum
1115 3409 1229 3473 desum
1252 3407 1350 3474 Chri-

192 3504 277 3560 stum
298 3495 539 3576 intemporaliter
560 3512 603 3555 ex
622 3502 712 3575 patre
733 3493 793 3556 deo
814 3500 941 3575 natum,
961 3494 1172 3576 temporaliter
1192 3513 1235 3556 ex
1256 3501 1348 3558 utero

195 3581 354 3664 gloriosae
382 3579 515 3664 virginis
540 3578 662 3642 Mariae
686 3576 843 3642 hominem
869 3578 1003 3662 editum,
1033 3579 1126 3642 etob
1147 3578 1264 3642 hocin
1284 3599 1350 3644 una

195 3665 391 3730 subsistente
412 3683 548 3746 persona
567 3664 648 3728 duas
668 3674 797 3729 naturas
818 3662 1004 3746 habentem,
1033 3663 1162 3729 deitatis
1188 3683 1250 3747 qua
1272 3673 1349 3728 ante

191 3751 324 3814 saecula
352 3751 479 3834 genitus
507 3758 575 3830 est,
603 3748 806 3814 humanitatis
831 3749 863 3811 in
889 3768 952 3831 qua
972 3749 1083 3814 diebus
1103 3751 1220 3815 ultimis
1240 3749 1355 3814 editus·

194 3843 264 3916 est;
289 3836 322 3898 in
346 3835 400 3898 illa
424 3833 598 3898 secundum
626 3834 755 3898 formam
776 3833 845 3916 dei,
873 3835 905 3896 in
928 3833 992 3900 ista
1013 3835 1190 3900 seeundum
1215 3835 1347 3900 formam

193 3917 280 3986 servi
305 3921 505 4000 consistens3
535 3919 567 3982 in
592 3917 646 3988 illa
670 3920 751 4001 patri
777 3937 910 3985 manens
935 3923 1093 4004 aequalis,
1126 3922 1158 3986 in
1185 3921 1250 3986 ista
1275 3922 1347 3986 sine

193 4011 329 4088 mato
350 4005 461 4086 similis
479 4012 606 4068 nostrae
627 4002 884 4088 conditioni¹¹)3
905 4005 937 4068 in
957 4004 1010 4070 illa
1030 4007 1211 4090 invisibilis,
1230 4008 1262 4070 in
1283 4007 1347 4070 ista

193 4086 347 4172 visibilis3
373 4089 406 4152 in
430 4087 484 4153 illa
504 4090 710 4173 inviolabilis,
738 4091 770 4155 iu
791 4090 854 4156 ista
873 4091 1052 4178 passibilis3
1079 4094 1111 4158 in
1136 4094 1188 4156 illa
1215 4111 1259 4156 ex
1284 4111 1348 4178 qua

194 4229 395 4262 ΡΜ
1137 4269 1139 4276 .

236 4311 269 4381 ¹)
284 4317 349 4362 om
365 4313 477 4360 comem
498 4305 526 4360 ts
544 4310 581 4372 t,
603 4317 710 4361 marom
734 4315 824 4364 maso
845 4307 874 4362 in
895 4325 930 4362 ιιι.
952 4310 990 4364 Μ.
1031 4337 1067 4352 -·
1114 4307 1145 4379 ί)
1168 4318 1344 4375 partescum,

261 4382 295 4434 al.
315 4384 470 4443 minucius
490 4376 519 4430 is
542 4391 579 4430 m·
598 4379 637 4431 M.
688 4403 725 4418 ·-·
784 4378 816 4446 θ)
838 4389 1013 4434 communionis
1036 4387 1165 4446 conflictos
1186 4379 1225 4434 Μ.
1259 4407 1296 4422 -

233 4450 265 4590 a
287 4447 494 4576 aaut
516 4469 592 4570 ...ι
612 4448 766 4589 ...Μ’
862 4521 1242 4588 ‚mm
1309 4475 1344 4490 ·

234 4591 265 4661 ⁸)
282 4597 419 4646 amoenum
436 4589 464 4650 in
482 4605 517 4642 rn.
533 4585 571 4641 Μ.
588 4611 625 4628 ····
648 4591 679 4656 θ)
695 4595 828 4646 stateram
844 4589 904 4644 add.
921 4591 955 4642 T.
967 4593 992 4642 l.
1004 4593 1044 4654 2.,
1060 4597 1087 4644 et
1104 4589 1140 4643 Μ.
1156 4619 1194 4631 —-
1211 4591 1308 4644 2'l'im.
1318 4591 1343 4656 t,

261 4663 289 4716 3.
306 4663 333 4716 t.
357 4677 403 4703 -·
426 4660 475 4729 ¹⁰)
493 4667 590 4722 amnem
608 4659 682 4712 deest
699 4676 740 4729 ap.
758 4659 795 4713 Μ.
830 4687 866 4702 -—
906 4660 955 4728 ¹¹)
974 4669 1122 4714 matroon
1137 4663 1174 4714 M.
1210 4689 1246 4704 -
