2858 5036
296 182 300 186 ’
344 195 584 274 conommu
610 153 881 286 massonum
894 195 938 265 n.
1173 205 1217 270 sr

23 367 189 452 'virgine
220 367 322 436 illaria
352 367 515 448 accipiens
546 379 661 448 carpus
695 370 848 451 animale,
885 369 945 434 sad
976 391 1080 454 neqne
1110 391 1216 438 sermo

55 452 313 534 comprehensus
341 462 394 516 est
421 472 533 534 carne,
562 454 621 516 sed
647 455 679 516 in
706 473 802 518 came
828 465 865 518 ot
889 473 983 538 snpra
1008 477 1152 539 caruem,
1181 468 1215 522 ct

55 543 151 604 sieut
173 538 253 600 deos
273 539 436 619 praescius
452 536 503 618 ¹),
524 539 575 602 dei
596 541 713 620 virtus,
735 541 787 604 dei
805 543 945 624 veritas3
972 563 1088 623 passus
1109 554 1215 606 autem

57 623 260 704 bumana²)‚
279 624 340 686 scd
359 641 471 687 sermo
483 623 534 684 dei
554 624 754 704 impassibilis
774 635 833 688 est.
865 629 900 690 br
920 630 1068 706 passione
1089 629 1214 709 quidem

57 709 196 774 moritur
227 711 320 772 homo
353 717 390 770 ut
419 708 597 770 vivificaret
628 712 854 790 protoplastum
888 713 941 792 qui
970 713 1130 776 ceciderat
1159 734 1216 794 per
1254 743 1259 752 ·

59 795 316 859 inobedientiam.
343 795 482 876 Sanctus
500 791 725 876 Gregorius
746 795 890 859 scribens
909 797 949 858 ad
966 798 1216 876 Caledoninm³)

62 883 159 944 dicit:
180 881 323 942 Naturae
345 878 529 943 euimduae
549 879 732 962 laciniam,
747 880 826 944 dens
850 889 883 943 et
904 882 1007 964 homo,
1029 903 1090 944 non
1110 891 1217 946 autem

12 997 18 1006 ·
64 967 131 1028 dno
158 964 210 1027 filii
236 983 298 1026 neo
326 963 368 1024 dii
396 963 467 1026 dno.
523 964 602 1024 Item
629 963 710 1029 idem
737 963 781 1026 in
797 984 941 1028 sermono
964 967 1004 1030 da
1029 966 1116 1030 lilioz
1146 969 1217 1031 Uno'

65 1060 192 1131 autem,
228 1050 341 1130 iuquit,
372 1047 510 1127 capitulo
536 1067 648 1110 moneo
660 1095 670 1129 ,
705 1051 749 1110 ut
769 1051 878 1112 altiora
905 1051 1029 1132 quidem
1058 1047 1245 1115 adscribas*

65 1134 226 1198 divinitati
251 1142 284 1194 et
312 1133 354 1194 illi
372 1141 511 1194 naturae
540 1151 621 1214 quae
647 1136 846 1213 passionibus
868 1143 902 1197 et
921 1155 1051 1217 oorpore
1072 1140 1219 1218 probatur

65 1240 146 1284 esse
180 1219 337 1300 superior,
352 1279 355 1288 ,
370 1219 529 1280 humiliora
558 1237 635 1280 vero
650 1218 684 1297 4)
718 1216 872 1282 liumauae
900 1229 1029 1284 naturae
1057 1224 1219 1302 attribuas,

65 1325 151 1388 quae
175 1313 329 1384 exparte
349 1302 535 1371 infirmitatis
554 1312 680 1399 nostrae
702 1314 867 1384 assumpta
893 1314 954 1368 est.
996 1309 1074 1369 ltem
1096 1309 1219 1388 ipsein

66 1399 182 1472 quarto
204 1385 279 1452 libro
301 1398 410 1452 contra
431 1389 630 1450 Eunomium:
657 1390 701 1452 Et
723 1409 763 1450 ne
785 1391 897 1472 aliquis
916 1391 1138 1472 incorruptibili
1158 1411 1219 1454 na·

53 1481 160 1538 'turae
182 1473 310 1538 deitatis
332 1493 457 1536 crucem
477 1474 635 1554 passionis
652 1476 821 1556 applicet,
853 1495 908 1556 per
935 1477 996 1538 alia
1022 1478 1219 1540 manifestius

67 1563 168 1624 talem
189 1561 345 1624 emendat·
359 1578 507 1640 errorem,
519 1593 526 1602 ,
539 1558 741 1622 mediatorem
760 1561 862 1641 ipsum
884 1560 934 1624 dei
955 1570 989 1623 et
1007 1563 1163 1624 homiuum
1185 1571 1221 1625 et

47 1648 228 1710 bominem
243 1645 276 1725 ὅ)
305 1652 338 1706 et
363 1643 456 1706 deum
482 1646 787 1726 ipsum-nominans,
816 1655 852 1708 ut
873 1663 945 1708 oum
965 1646 1026 1709 duo
1047 1648 1087 1710 de
1108 1667 1170 1709 uno
1184 1645 1221 1718 ⁸)
1251 1689 1254 1694 -

69 1734 233 1812 dicantur,
254 1741 425 1813 congruum
445 1730 636 1812 intelligatur
656 1732 740 1794 cirea
760 1739 941 1813 utrumque,
963 1733 1047 1794 cirea
1068 1731 1221 1795 deitatem

70 1813 494 1898 quidem.impassibilitas‚“
517 1815 611 1880 oiroa'
636 1815 861 1878 hunanitatem
891 1825 997 1900 autem
1028 1817 1222 1898 dispensatio

69 1902 240 1986 passionis.
281 1900 419 1964 Sanctus
444 1919 568 1982 quoque
597 1901 782 1964 Basilius
801 1902 840 1962 'in
866 1909 976 1980 quarto
1003 1901 1080 1962 libro
1112 1910 1223 1964 contra

70 1988 257 2052 Eunomium
279 1987 323 2048 ita
344 1985 470 2048 scribit:
499 1983 582 2061 Quid
603 1993 672 2046 est:
700 1986 856 2046 Dominus
878 1988 1001 2048 creauit
1021 2007 1071 2048 mc
1092 1995 1126 2047 ct
1147 1993 1224 2048 anta

72 2092 180 2134 omnes
208 2069 301 2134 eolles
327 2073 442 2152 genuit
461 2064 584 2148 mem?
625 2070 687 2136 Ubi
705 2062 941 2156 intelligendum
954 2070 987 2149 8)
1009 2072 1071 2132 hoo
1091 2069 1174 2152 quod
1189 2069 1225 2150 ο)

73 2161 188 2240 genuit
220 2156 260 2218 de
298 2155 349 2218 dei
388 2154 472 2236 lilio,
509 2153 571 2218 hoc
598 2163 705 2218 autem
732 2155 816 2236 quod
844 2155 920 2220 dicit
951 2158 1074 2218 meavit
1109 2155 1149 2218 de
1185 2175 1225 2218 ea

73 2253 164 2324 parte
194 2261 256 2322 qna
284 2239 317 2305 in
346 2239 444 2302 forma
472 2237 558 2302 servi
585 2249 653 2320 est,
684 2249 721 2302 ut
747 2249 910 2322 utramque
936 2251 1077 2303 naturam
1104 2243 1135 2304 in
1148 2239 1149 2244 ’
1162 2261 1225 2304 uua

33 2315 35 2330 '
74 2345 212 2408 persona
231 2325 423 2388 ostenderet.
465 2325 603 2412 Sanctus
625 2325 815 2408 Cyrillus
841 2327 873 2388 in
900 2327 997 2406 prima
1018 2326 1058 2389 ad
1079 2327 1225 2400 Succes-

76 2433 148 2474 sum
176 2412 309 2492 epistola
338 2411 433 2473 dicit:
466 2412 539 2492 Ego
560 2419 709 2492 quantum
729 2410 853 2492 quidem
875 2410 916 2471 ad
935 2412 1130 2478 intellectum
1149 2431 1225 2490 per-

75 2499 157 2568 tinet
185 2504 218 2558 ct
249 2495 289 2558 ad
313 2493 482 2558 videndum
498 2493 552 2572 10)
588 2495 783 2556 tantumdem
816 2496 916 2557 oculis
942 2495 1082 2576 animae,
1113 2512 1226 2574 quem-

76 2580 244 2644 admodum
265 2583 443 2644 inoamatus
461 2589 514 2642 est
534 2580 725 2660 unigenitus,
745 2579 825 2640 duas
842 2577 971 2640 ‘naturas
990 2597 1065 2643 csse
1083 2577 1226 2660 dicimus,

76 2687 172 2730 unum
207 2675 313 2728 autem
344 2665 438 2727 filium
470 2673 504 2726 et
532 2663 691 2726 Christum
719 2671 753 2724 et
781 2661 874 2724 deum
902 2670 935 2724 et
961 2662 1116 2724 dominum
1150 2683 1228 2724 ver-

76 2757 150 2818 bum
167 2751 221 2831 Η)
248 2753 440 2833 incantatum
469 2758 503 2810 et
528 2748 685 2834 hominem
712 2747 831 2810 factum
855 2747 1046 2811 confitemur.
1086 2749 1167 2810 Item
1195 2749 1227 2810 in

75 2837 218 2902 secunda
239 2836 279 2898 ad
300 2835 443 2898 eumdem
465 2834 659 2896 Successum
687 2833 822 2914 epistola
851 2833 900 2896 sio
930 2835 991 2896 ait:
1025 2833 1105 2896 Oum
1134 2853 1227 2915 unus,

78 2925 195 3004 inquit,
224 2923 267 2984 sit
296 2930 329 2983 et
358 2921 446 2990 solus
473 2919 555 2981 lilius
578 2917 740 2999 Christus,
769 2915 853 2979 idem
880 2919 949 2996 ipse
977 2917 1058 2980 deus
1080 2919 1228 2982 ethome

79 3012 164 3072 sicut
185 3009 216 3068 in
238 3007 355 3068 deitate
374 3006 535 3086 perfectus
558 3005 602 3065 ita
624 3013 657 3065 et
678 3004 709 3064 in
735 3004 929 3064 humanitate
956 3003 1146 3083 perfeetus3'
1164 3022 1228 3066 non

79 3103 186 3156 autem
206 3093 308 3171 ipsum
326 3092 522 3173 unigenitum
540 3087 635 3149 filium
657 3085 725 3168 dei,
747 3087 920 3150 secundum
942 3087 1025 3168 quod
1044 3089 1229 3172 intelligitur·

80 3189 115 3242 et
136 3186 187 3240 est
208 3177 303 3257 daus',
322 3195 451 3256 passum
473 3193 548 3236 esse
568 3173 600 3234 in
622 3175 680 3235 sua
701 3172 894 3254 naturast),
923 3172 981 3236 sed
1002 3193 1134 3252 passumw
1153 3193 1229 3236 esse

82 3274 205 3326 terrena
227 3270 345 3324 natura.
389 3258 522 3340 Oportet
546 3259 660 3319 etenim
682 3259 863 3320 necessario
885 3266 1016 3338 utraque
1036 3259 1155 3320 servari
1176 3259 1231 3319 uni
1264 3307 1265 3310 ¹

81 3360 113 3412 et
134 3366 212 3410 vero
234 3345 313 3427 lilio,
344 3356 377 3407 et
401 3365 462 3406 nou
483 3344 549 3424 pati
569 3343 742 3404 secundum
764 3341 931 3422 deitatem,
961 3351 995 3402 et
1016 3340 1079 3403 dici
1099 3360 1230 3420 passum

82 3452 156 3496 csse
186 3429 329 3510 eumdem
353 3429 526 3510 secundnm
551 3427 796 3506 humanitatem
824 3427 923 3506 ipsius
950 3426 1031 3485 enim
1058 3443 1156 3505 passa
1178 3435 1239 3505 est!
1282 3440 1289 3444 ·

82 3539 170 3586 οπο.
203 3509 291 3578 Idem
317 3517 348 3576 in
374 3515 570 3594 expositione
597 3510 733 3572 Levitici
759 3512 839 3572 inter
866 3510 945 3571 alia:
973 3505 1092 3570 ’lotum
1121 3511 1152 3569 in
1179 3511 1230 3572 his

82 3608 193 3666 itemm
210 3600 449 3680 circuminspice
467 3596 637 3660 salvatoris
658 3595 756 3656 nostri
775 3596 958 3676 mysterium
979 3603 1012 3654 et
1034 3594 1232 3656 emundatio-

83 3707 163 3773 nom¹
184 3705 265 3768 quae
296 3705 352 3764 per
385 3693 528 3746 sanctum
559 3681 745 3759 baptismum
776 3679 833 3758 fit3
864 3677 943 3740 duas
974 3679 1057 3740 enin
1089 3680 1231 3742 aviculas
1334 3723 1339 3730 -

83 3773 163 3836 sumi
188 3771 280 3850 jubet
296 3767 351 3846 ¹³)
381 3769 475 3830 vivas
506 3775 539 3828 et
568 3764 720 3844 mundas,
752 3772 788 3824 ut
820 3764 978 3844 intelligas
1008 3774 1070 3844 per¹
1091 3764 1232 3828 volatilia
1281 3775 1285 3779 '

84 3859 255 3921 coelestem
275 3855 429 3916 hominem
452 3852 542 3914 simul
564 3858 598 3910 et
618 3848 710 3916 deum
731 3850 761 3910 in
784 3847 864 3911 duas
884 3858 1012 3911 naturas
1026 3846 1101 3929 Η),
1129 3849 1234 3932 quand
1262 3856 1264 3874 '

84 3954 148 4004 tum
169 3943 305 4022 pertinet
326 3939 367 4002 ad
387 3939 548 4018 rationem,
573 3934 772 4010 dividendum
792 3934 959 4014 unicuique
982 3936 1233 3998 convenientem.

84 4031 162 4090 item
183 4034 315 4088 sanctus
328 4023 598 4107 Augustinus
618 4021 650 4082 in
665 4020 834 4101 Excerptis
849 4016 911 4098 ¹⁵):
941 4020 1056 4102 Neque
1077 4022 1160 4084 cuim
1180 4021 1231 4082 illa

128 4224 156 4293 1)
175 4203 238 4276 deus
254 4193 356 4283 attritur,
374 4230 411 4274 tta
427 4221 466 4276 Μ.
494 4255 530 4268 -
571 4222 600 4291 ²)
619 4219 694 4276 coine
712 4221 771 4276 add.
789 4222 826 4276 M.
856 4249 892 4262 -
925 4219 963 4290 ’3)
985 4197 1125 4276 &deodatum
1142 4221 1179 4274 Μ.
1197 4253 1232 4265 --

155 4294 236 4359 Greg'.
254 4295 438 4359 Naz:epp.1.
464 4323 500 4334 —
535 4291 566 4353 ⁴)
584 4303 665 4346 autern
682 4295 718 4344 Μ.
747 4322 795 4344 -,
821 4290 849 4359 ⁵)
868 4301 893 4344 et
909 4300 1027 4346 bominem
1044 4293 1176 4362 deestaap.
1194 4291 1232 4344 M.

127 4363 158 4430 ὅ)
175 4381 225 4416 unu
241 4364 335 4414 M.'-
360 4363 389 4429 ⁵¹)
406 4363 531 4417 Proverb.
542 4363 568 4423 8,
582 4362 624 4416 25.
640 4391 675 4404 —-
701 4363 729 4428 ὅ)
748 4367 787 4414 est
804 4361 863 4413 add.
881 4364 917 4414 Μ.
936 4393 972 4401 -
997 4361 1025 4428 ⁰)
1044 4366 1104 4411 dtctt
1122 4362 1181 4413 add.
1195 4363 1242 4414 Μ.-

108 4432 157 4497 10)
183 4442 217 4484 od
238 4440 313 4496 fldem
336 4431 375 4481 M.
410 4461 458 4492 -s
485 4433 535 4499 11)
562 4436 684 4485 carnotum
708 4435 732 4483 e't
748 4428 885 4498 *dominum
909 4440 979 4482 deum
1001 4437 1103 4482 actorem
1125 4431 1162 4482 Μ.
1197 4460 1232 4471 -
1322 4434 1327 4440 “

109 4502 158 4568 ¹²)
183 4511 292 4554 dicantus
317 4501 378 4554 add.
402 4501 439 4553 Μ.
463 4517 514 4552 om.
540 4502 625 4552 verbis
649 4518 721 4568 seqq.
745 4508 790 4554 sed
813 4517 881 4564 poss.
906 4512 968 4549 esre·
985 4506 1045 4550 tarr.
1068 4507 1138 4561 aaut„
1156 4530 1191 4542 -

109 4571 158 4638 ¹³)
171 4583 276 4635 jubetur
285 4573 323 4624 Μ.
341 4599 377 4611 -·
399 4571 449 4640 1⁴)
463 4577 488 4622 tu
500 4578 596 4622 dnobus
610 4578 707 4642 notoria
720 4569 757 4623 Μ.
774 4601 810 4611 -
833 4571 882 4637 1⁵)
892 4577 917 4620 to
926 4573 1043 4631 macerat.
1057 4569 1133 4622 deest
1144 4583 1185 4637 ap.
1195 4570 1232 4622 M.

131 4663 194 4710 utel.
208 4663 266 4716 ecci.
284 4669 304 4713 1.
316 4674 338 4720 2·
972 4655 994 4714 6
