<?xml version="1.0" encoding="UTF-8"?>
<!DOCTYPE html PUBLIC "-//W3C//DTD XHTML 1.0 Transitional//EN"
    "http://www.w3.org/TR/xhtml1/DTD/xhtml1-transitional.dtd">
<html xmlns="http://www.w3.org/1999/xhtml" xml:lang="en" lang="en">
 <head>
  <title>
</title>
<meta http-equiv="Content-Type" content="text/html;charset=utf-8" />
  <meta name='ocr-system' content='tesseract 3.04.00' />
  <meta name='ocr-capabilities' content='ocr_page ocr_carea ocr_par ocr_line ocrx_word'/>
</head>
<body>
  <div class='ocr_page' id='page_1' title='image "./canonesapostolo01brungoog_0089.png"; bbox 0 0 2858 5036; ppageno 0'>
   <div class='ocr_carea' id='block_1_1' title="bbox 342 223 1224 334">
    <p class='ocr_par' dir='ltr' id='par_1_1' title="bbox 342 223 1224 334">
     <span class='ocr_line' id='line_1_1' title="bbox 342 223 1224 334; baseline 0.003 -4"><span class='ocrx_word' id='word_1_1' title='bbox 342 259 583 330; x_wconf 80' lang='lat' dir='ltr'><strong>corronium</strong></span> <span class='ocrx_word' id='word_1_2' title='bbox 609 263 882 332; x_wconf 75' lang='lat' dir='ltr'><strong>rnsrmnnsn</strong></span> <span class='ocrx_word' id='word_1_3' title='bbox 898 223 943 332; x_wconf 79' lang='lat' dir='ltr'><strong>u.</strong></span> <span class='ocrx_word' id='word_1_4' title='bbox 1179 265 1224 334; x_wconf 82' lang='grc' dir='ltr'><strong>ιι</strong></span> 
     </span>
    </p>
   </div>
   <div class='ocr_carea' id='block_1_2' title="bbox 57 433 1223 1035">
    <p class='ocr_par' dir='ltr' id='par_1_2' title="bbox 57 433 1223 1035">
     <span class='ocr_line' id='line_1_2' title="bbox 60 433 1221 520; baseline 0 -18"><span class='ocrx_word' id='word_1_5' title='bbox 60 437 206 502; x_wconf 85' lang='lat' dir='ltr'><strong>effectus</strong></span> <span class='ocrx_word' id='word_1_6' title='bbox 228 442 356 499; x_wconf 86' lang='lat' dir='ltr'><strong>moneat</strong></span> <span class='ocrx_word' id='word_1_7' title='bbox 380 453 400 497; x_wconf 87' lang='lat' dir='ltr'><strong>a</strong></span> <span class='ocrx_word' id='word_1_8' title='bbox 420 453 520 518; x_wconf 80' lang='lat' dir='ltr'><strong>regno</strong></span> <span class='ocrx_word' id='word_1_9' title='bbox 535 433 783 520; x_wconf 85' lang='lat' dir='ltr'><strong>dei&#39;extraneus‚</strong></span> <span class='ocrx_word' id='word_1_10' title='bbox 803 455 864 502; x_wconf 88' lang='lat' dir='ltr'><strong>noc</strong></span> <span class='ocrx_word' id='word_1_11' title='bbox 885 435 1026 519; x_wconf 84' lang='lat' dir='ltr'><strong>proficiat</strong></span> <span class='ocrx_word' id='word_1_12' title='bbox 1046 437 1088 502; x_wconf 88' lang='lat' dir='ltr'><strong>illi</strong></span> <span class='ocrx_word' id='word_1_13' title='bbox 1108 440 1221 502; x_wconf 89' lang='lat' dir='ltr'><strong>bonum</strong></span> 
     </span>
     <span class='ocr_line' id='line_1_3' title="bbox 58 519 1221 606; baseline 0 -18"><span class='ocrx_word' id='word_1_14' title='bbox 58 526 138 588; x_wconf 83' lang='lat' dir='ltr'><strong>fidei</strong></span> <span class='ocrx_word' id='word_1_15' title='bbox 160 523 217 584; x_wconf 88' lang='lat' dir='ltr'><strong>vel</strong></span> <span class='ocrx_word' id='word_1_16' title='bbox 239 522 343 602; x_wconf 88' lang='lat' dir='ltr'><strong>operis</strong></span> <span class='ocrx_word' id='word_1_17' title='bbox 365 519 560 583; x_wconf 86' lang='lat' dir='ltr'><strong>adsalutem</strong></span> <span class='ocrx_word' id='word_1_18' title='bbox 582 524 634 606; x_wconf 92' lang='lat' dir='ltr'><strong>qui</strong></span> <span class='ocrx_word' id='word_1_19' title='bbox 658 524 737 586; x_wconf 90' lang='lat' dir='ltr'><strong>tanti</strong></span> <span class='ocrx_word' id='word_1_20' title='bbox 751 521 785 602; x_wconf 81' lang='grc' dir='ltr'><strong>ι)</strong></span> <span class='ocrx_word' id='word_1_21' title='bbox 812 531 848 586; x_wconf 87' lang='lat' dir='ltr'><strong>et</strong></span> <span class='ocrx_word' id='word_1_22' title='bbox 873 531 937 586; x_wconf 89' lang='lat' dir='ltr'><strong>tarn</strong></span> <span class='ocrx_word' id='word_1_23' title='bbox 962 525 1109 586; x_wconf 80' lang='lat' dir='ltr'><strong>salutaris</strong></span> <span class='ocrx_word' id='word_1_24' title='bbox 1133 527 1221 588; x_wconf 86' lang='lat' dir='ltr'><strong>vitoe</strong></span> 
     </span>
     <span class='ocr_line' id='line_1_4' title="bbox 59 602 1223 689; baseline 0.002 -17"><span class='ocrx_word' id='word_1_25' title='bbox 59 602 261 672; x_wconf 74' lang='lat' dir='ltr'><strong>destruxerit</strong></span> <span class='ocrx_word' id='word_1_26' title='bbox 286 607 450 668; x_wconf 75' lang='lat' dir='ltr'><strong>tramitem.</strong></span> <span class='ocrx_word' id='word_1_27' title='bbox 498 608 604 689; x_wconf 82' lang='lat' dir='ltr'>Super.</span> <span class='ocrx_word' id='word_1_28' title='bbox 627 607 756 687; x_wconf 84' lang='lat' dir='ltr'><strong>baec²)</strong></span> <span class='ocrx_word' id='word_1_29' title='bbox 784 607 879 672; x_wconf 84' lang='lat' dir='ltr'><strong>etiam</strong></span> <span class='ocrx_word' id='word_1_30' title='bbox 905 609 1044 672; x_wconf 80' lang='lat' dir='ltr'><strong>uniueisi</strong></span> <span class='ocrx_word' id='word_1_31' title='bbox 1069 612 1223 674; x_wconf 86' lang='lat' dir='ltr'><strong>Baeticae</strong></span> 
     </span>
     <span class='ocr_line' id='line_1_5' title="bbox 57 692 1223 779; baseline 0 -21"><span class='ocrx_word' id='word_1_32' title='bbox 57 695 249 779; x_wconf 76' lang='lat' dir='ltr'><strong>provinciae</strong></span> <span class='ocrx_word' id='word_1_33' title='bbox 271 692 413 773; x_wconf 74' lang='lat' dir='ltr'><strong>episcopi</strong></span> <span class='ocrx_word' id='word_1_34' title='bbox 431 693 617 775; x_wconf 88' lang='lat' dir='ltr'><strong>congregati</strong></span> <span class='ocrx_word' id='word_1_35' title='bbox 639 694 784 757; x_wconf 90' lang='lat' dir='ltr'><strong>eumdem</strong></span> <span class='ocrx_word' id='word_1_36' title='bbox 809 694 999 777; x_wconf 85' lang='lat' dir='ltr'><strong>sacrilegum</strong></span> <span class='ocrx_word' id='word_1_37' title='bbox 1018 695 1099 774; x_wconf 78' lang='lat' dir='ltr'><strong>et³)</strong></span> <span class='ocrx_word' id='word_1_38' title='bbox 1126 713 1223 760; x_wconf 84' lang='lat' dir='ltr'><strong>ever-</strong></span> 
     </span>
     <span class='ocr_line' id='line_1_6' title="bbox 60 778 1223 862; baseline 0.003 -17"><span class='ocrx_word' id='word_1_39' title='bbox 60 799 175 846; x_wconf 80' lang='lat' dir='ltr'>sorem</span> <span class='ocrx_word' id='word_1_40' title='bbox 196 799 216 841; x_wconf 93' lang='lat' dir='ltr'><strong>a</strong></span> <span class='ocrx_word' id='word_1_41' title='bbox 235 779 452 842; x_wconf 86' lang='lat' dir='ltr'><strong>communione</strong></span> <span class='ocrx_word' id='word_1_42' title='bbox 473 778 683 862; x_wconf 80' lang='lat' dir='ltr'><strong>suspendant,</strong></span> <span class='ocrx_word' id='word_1_43' title='bbox 703 781 889 843; x_wconf 87' lang='lat' dir='ltr'><strong>convulsum</strong></span> <span class='ocrx_word' id='word_1_44' title='bbox 909 782 1129 843; x_wconf 88' lang='lat' dir='ltr'><strong>monasterium</strong></span> <span class='ocrx_word' id='word_1_45' title='bbox 1150 801 1223 848; x_wconf 86' lang='lat' dir='ltr'><strong>cum</strong></span> 
     </span>
     <span class='ocr_line' id='line_1_7' title="bbox 61 862 1222 948; baseline 0.002 -18"><span class='ocrx_word' id='word_1_46' title='bbox 61 869 169 930; x_wconf 90' lang='lat' dir='ltr'><strong>rebus</strong></span> <span class='ocrx_word' id='word_1_47' title='bbox 189 863 255 927; x_wconf 87' lang='lat' dir='ltr'><strong>suis</strong></span> <span class='ocrx_word' id='word_1_48' title='bbox 274 871 461 946; x_wconf 70' lang='lat' dir='ltr'><strong>restaurent,</strong></span> <span class='ocrx_word' id='word_1_49' title='bbox 483 873 519 926; x_wconf 89' lang='lat' dir='ltr'><strong>ut</strong></span> <span class='ocrx_word' id='word_1_50' title='bbox 528 862 563 945; x_wconf 86' lang='lat'><strong>⁴)</strong></span> <span class='ocrx_word' id='word_1_51' title='bbox 583 866 666 946; x_wconf 90' lang='lat' dir='ltr'><strong>quod</strong></span> <span class='ocrx_word' id='word_1_52' title='bbox 687 865 781 948; x_wconf 89' lang='lat' dir='ltr'><strong>impie</strong></span> <span class='ocrx_word' id='word_1_53' title='bbox 801 883 885 930; x_wconf 87' lang='lat' dir='ltr'><strong>nnus</strong></span> <span class='ocrx_word' id='word_1_54' title='bbox 904 867 1094 930; x_wconf 85' lang='lat' dir='ltr'><strong>subverterit</strong></span> <span class='ocrx_word' id='word_1_55' title='bbox 1113 887 1222 932; x_wconf 88' lang='lat' dir='ltr'><strong>omues</strong></span> 
     </span>
     <span class='ocr_line' id='line_1_8' title="bbox 64 951 319 1035; baseline -0.008 -21"><span class='ocrx_word' id='word_1_56' title='bbox 64 954 125 1035; x_wconf 86' lang='lat' dir='ltr'><strong>pie</strong></span> <span class='ocrx_word' id='word_1_57' title='bbox 145 951 319 1015; x_wconf 86' lang='lat' dir='ltr'><strong>reforment.</strong></span> 
     </span>
    </p>
   </div>
   <div class='ocr_carea' id='block_1_3' title="bbox 74 1067 1159 1172">
    <p class='ocr_par' dir='ltr' id='par_1_3' title="bbox 74 1067 1159 1172">
     <span class='ocr_line' id='line_1_9' title="bbox 74 1067 1159 1172; baseline 0.002 -20"><span class='ocrx_word' id='word_1_58' title='bbox 74 1067 79 1074; x_wconf 41' lang='lat'>¹</span> <span class='ocrx_word' id='word_1_59' title='bbox 133 1085 191 1152; x_wconf 88' lang='lat' dir='ltr'><strong>XI.</strong></span> <span class='ocrx_word' id='word_1_60' title='bbox 230 1084 284 1148; x_wconf 84' lang='lat' dir='ltr'><strong>Do</strong></span> <span class='ocrx_word' id='word_1_61' title='bbox 304 1086 507 1150; x_wconf 75' lang='lat' dir='ltr'><strong>monasteriis</strong></span> <span class='ocrx_word' id='word_1_62' title='bbox 527 1089 688 1172; x_wconf 78' lang='lat' dir='ltr'><strong>uirginum</strong></span> <span class='ocrx_word' id='word_1_63' title='bbox 709 1097 746 1154; x_wconf 81' lang='lat' dir='ltr'><strong>ut</strong></span> <span class='ocrx_word' id='word_1_64' title='bbox 767 1111 789 1155; x_wconf 87' lang='lat' dir='ltr'><strong>o</strong></span> <span class='ocrx_word' id='word_1_65' title='bbox 808 1091 971 1156; x_wconf 74' lang='lat' dir='ltr'><strong>monacbis</strong></span> <span class='ocrx_word' id='word_1_66' title='bbox 996 1095 1159 1156; x_wconf 76' lang='lat' dir='ltr'><strong>tueantur.</strong></span> 
     </span>
    </p>
   </div>
   <div class='ocr_carea' id='block_1_4' title="bbox 67 1203 1303 3768">
    <p class='ocr_par' dir='ltr' id='par_1_4' title="bbox 67 1203 1303 3768">
     <span class='ocr_line' id='line_1_10' title="bbox 155 1203 1222 1302; baseline 0 -32"><span class='ocrx_word' id='word_1_67' title='bbox 155 1203 331 1270; x_wconf 86' lang='lat' dir='ltr'><strong>Undecima</strong></span> <span class='ocrx_word' id='word_1_68' title='bbox 356 1205 481 1302; x_wconf 68' lang='lat' dir='ltr'><strong>actione</strong></span> <span class='ocrx_word' id='word_1_69' title='bbox 502 1223 661 1270; x_wconf 86' lang='lat' dir='ltr'><strong>consensu</strong></span> <span class='ocrx_word' id='word_1_70' title='bbox 681 1212 839 1274; x_wconf 88' lang='lat' dir='ltr'><strong>communi</strong></span> <span class='ocrx_word' id='word_1_71' title='bbox 859 1210 1075 1292; x_wconf 76' lang='lat' dir='ltr'><strong>decrevimus,</strong></span> <span class='ocrx_word' id='word_1_72' title='bbox 1095 1218 1131 1272; x_wconf 89' lang='lat' dir='ltr'><strong>ut</strong></span> <span class='ocrx_word' id='word_1_73' title='bbox 1151 1227 1222 1270; x_wconf 89' lang='lat' dir='ltr'><strong>mo-</strong></span> 
     </span>
     <span class='ocr_line' id='line_1_11' title="bbox 67 1290 1223 1377; baseline 0.002 -23"><span class='ocrx_word' id='word_1_74' title='bbox 67 1290 211 1354; x_wconf 86' lang='lat' dir='ltr'><strong>nasteria</strong></span> <span class='ocrx_word' id='word_1_75' title='bbox 230 1291 387 1374; x_wconf 83' lang='lat' dir='ltr'><strong>virginum</strong></span> <span class='ocrx_word' id='word_1_76' title='bbox 408 1310 440 1354; x_wconf 90' lang='lat' dir='ltr'><strong>rn</strong></span> <span class='ocrx_word' id='word_1_77' title='bbox 460 1293 620 1372; x_wconf 88' lang='lat' dir='ltr'><strong>provincia</strong></span> <span class='ocrx_word' id='word_1_78' title='bbox 647 1297 781 1360; x_wconf 86' lang='lat' dir='ltr'><strong>Baetica</strong></span> <span class='ocrx_word' id='word_1_79' title='bbox 794 1295 830 1377; x_wconf 61' lang='grc' dir='ltr'><strong>ὅ)</strong></span> <span class='ocrx_word' id='word_1_80' title='bbox 856 1297 984 1361; x_wconf 89' lang='lat' dir='ltr'><strong>condita</strong></span> <span class='ocrx_word' id='word_1_81' title='bbox 1002 1296 1223 1360; x_wconf 86' lang='lat' dir='ltr'><strong>monachorum</strong></span> 
     </span>
     <span class='ocr_line' id='line_1_12' title="bbox 67 1376 1224 1463; baseline 0.004 -24"><span class='ocrx_word' id='word_1_82' title='bbox 67 1376 340 1440; x_wconf 70' lang='lat' dir='ltr'><strong>administratione</strong></span> <span class='ocrx_word' id='word_1_83' title='bbox 367 1395 406 1440; x_wconf 87' lang='lat' dir='ltr'><strong>ec</strong></span> <span class='ocrx_word' id='word_1_84' title='bbox 431 1378 587 1458; x_wconf 88' lang='lat' dir='ltr'><strong>praesidio</strong></span> <span class='ocrx_word' id='word_1_85' title='bbox 610 1383 829 1463; x_wconf 76' lang='lat' dir='ltr'><strong>gubernentur.</strong></span> <span class='ocrx_word' id='word_1_86' title='bbox 871 1383 963 1447; x_wconf 78' lang='lat' dir='ltr'><strong>&#39;lunc</strong></span> <span class='ocrx_word' id='word_1_87' title='bbox 984 1380 1066 1444; x_wconf 89' lang='lat' dir='ltr'><strong>enim</strong></span> <span class='ocrx_word' id='word_1_88' title='bbox 1086 1382 1224 1444; x_wconf 87' lang='lat' dir='ltr'><strong>salubria</strong></span> 
     </span>
     <span class='ocr_line' id='line_1_13' title="bbox 68 1463 1223 1552; baseline 0 -24"><span class='ocrx_word' id='word_1_89' title='bbox 68 1463 202 1528; x_wconf 77' lang='lat' dir='ltr'><strong>Christo</strong></span> <span class='ocrx_word' id='word_1_90' title='bbox 223 1463 337 1526; x_wconf 83' lang='lat' dir='ltr'><strong>dicatis</strong></span> <span class='ocrx_word' id='word_1_91' title='bbox 356 1463 530 1546; x_wconf 90' lang='lat' dir='ltr'><strong>virginibus</strong></span> <span class='ocrx_word' id='word_1_92' title='bbox 548 1467 767 1552; x_wconf 83' lang='lat' dir='ltr'><strong>providemus,</strong></span> <span class='ocrx_word' id='word_1_93' title='bbox 795 1468 918 1551; x_wconf 87' lang='lat' dir='ltr'><strong>quando</strong></span> <span class='ocrx_word' id='word_1_94' title='bbox 946 1470 995 1532; x_wconf 83' lang='lat' dir='ltr'><strong>eis</strong></span> <span class='ocrx_word' id='word_1_95' title='bbox 1019 1476 1127 1550; x_wconf 85' lang='lat' dir='ltr'><strong>patres</strong></span> <span class='ocrx_word' id='word_1_96' title='bbox 1152 1468 1223 1549; x_wconf 87' lang='lat' dir='ltr'><strong>spi-</strong></span> 
     </span>
     <span class='ocr_line' id='line_1_14' title="bbox 68 1547 1225 1638; baseline 0.005 -28"><span class='ocrx_word' id='word_1_97' title='bbox 68 1547 202 1612; x_wconf 89' lang='lat' dir='ltr'><strong>rituales</strong></span> <span class='ocrx_word' id='word_1_98' title='bbox 213 1547 249 1627; x_wconf 69' lang='grc' dir='ltr'><strong>ο)</strong></span> <span class='ocrx_word' id='word_1_99' title='bbox 277 1548 432 1632; x_wconf 84' lang='lat' dir='ltr'><strong>elegimus</strong></span> <span class='ocrx_word' id='word_1_100' title='bbox 458 1568 586 1630; x_wconf 89' lang='lat' dir='ltr'><strong>quorum</strong></span> <span class='ocrx_word' id='word_1_101' title='bbox 614 1573 676 1615; x_wconf 90' lang='lat' dir='ltr'><strong>non</strong></span> <span class='ocrx_word' id='word_1_102' title='bbox 702 1557 803 1618; x_wconf 89' lang='lat' dir='ltr'><strong>solum</strong></span> <span class='ocrx_word' id='word_1_103' title='bbox 824 1554 1044 1638; x_wconf 79' lang='lat' dir='ltr'><strong>gubernaculis</strong></span> <span class='ocrx_word' id='word_1_104' title='bbox 1064 1554 1143 1616; x_wconf 90' lang='lat' dir='ltr'><strong>tueri</strong></span> <span class='ocrx_word' id='word_1_105' title='bbox 1163 1551 1225 1616; x_wconf 86' lang='lat' dir='ltr'><strong>sed</strong></span> 
     </span>
     <span class='ocr_line' id='line_1_15' title="bbox 68 1631 1224 1722; baseline 0.003 -26"><span class='ocrx_word' id='word_1_106' title='bbox 68 1635 169 1696; x_wconf 88' lang='lat' dir='ltr'><strong>etiam</strong></span> <span class='ocrx_word' id='word_1_107' title='bbox 190 1631 340 1696; x_wconf 90' lang='lat' dir='ltr'><strong>doctrinis</strong></span> <span class='ocrx_word' id='word_1_108' title='bbox 360 1634 517 1698; x_wconf 84' lang='lat' dir='ltr'><strong>aedificari</strong></span> <span class='ocrx_word' id='word_1_109' title='bbox 537 1637 662 1717; x_wconf 82' lang='lat' dir='ltr'><strong>possint</strong></span> <span class='ocrx_word' id='word_1_110' title='bbox 676 1641 728 1722; x_wconf 72' lang='lat'><strong>²),</strong></span> <span class='ocrx_word' id='word_1_111' title='bbox 758 1659 797 1704; x_wconf 88' lang='lat' dir='ltr'><strong>ea</strong></span> <span class='ocrx_word' id='word_1_112' title='bbox 817 1651 923 1704; x_wconf 88' lang='lat' dir='ltr'><strong>tamen</strong></span> <span class='ocrx_word' id='word_1_113' title='bbox 944 1639 1029 1704; x_wconf 87' lang='lat' dir='ltr'><strong>circa</strong></span> <span class='ocrx_word' id='word_1_114' title='bbox 1049 1640 1224 1714; x_wconf 85' lang='lat' dir='ltr'><strong>monachos</strong></span> 
     </span>
     <span class='ocr_line' id='line_1_16' title="bbox 69 1719 1225 1811; baseline 0.001 -27"><span class='ocrx_word' id='word_1_115' title='bbox 69 1721 199 1784; x_wconf 85' lang='lat' dir='ltr'><strong>cautela</strong></span> <span class='ocrx_word' id='word_1_116' title='bbox 212 1719 247 1798; x_wconf 68' lang='grc'><strong>8)</strong></span> <span class='ocrx_word' id='word_1_117' title='bbox 268 1728 397 1782; x_wconf 83' lang='lat' dir='ltr'><strong>servata</strong></span> <span class='ocrx_word' id='word_1_118' title='bbox 416 1729 452 1782; x_wconf 92' lang='lat' dir='ltr'><strong>ut</strong></span> <span class='ocrx_word' id='word_1_119' title='bbox 473 1723 583 1785; x_wconf 88' lang='lat' dir='ltr'><strong>remoti</strong></span> <span class='ocrx_word' id='word_1_120' title='bbox 602 1725 641 1786; x_wconf 92' lang='lat' dir='ltr'><strong>ab</strong></span> <span class='ocrx_word' id='word_1_121' title='bbox 663 1743 769 1788; x_wconf 90' lang='lat' dir='ltr'><strong>earum</strong></span> <span class='ocrx_word' id='word_1_122' title='bbox 787 1727 1005 1811; x_wconf 85' lang='lat' dir='ltr'><strong>peculiaritate</strong></span> <span class='ocrx_word' id='word_1_123' title='bbox 1021 1724 1055 1803; x_wconf 74' lang='grc' dir='ltr'><strong>Ι’)</strong></span> <span class='ocrx_word' id='word_1_124' title='bbox 1082 1743 1143 1786; x_wconf 88' lang='lat' dir='ltr'><strong>nec</strong></span> <span class='ocrx_word' id='word_1_125' title='bbox 1163 1733 1225 1786; x_wconf 83' lang='lat' dir='ltr'><strong>as-</strong></span> 
     </span>
     <span class='ocr_line' id='line_1_17' title="bbox 69 1805 1223 1891; baseline 0.009 -25"><span class='ocrx_word' id='word_1_126' title='bbox 69 1824 135 1886; x_wconf 78' lang='lat' dir='ltr'><strong>que</strong></span> <span class='ocrx_word' id='word_1_127' title='bbox 150 1805 193 1868; x_wconf 86' lang='lat' dir='ltr'><strong>ad</strong></span> <span class='ocrx_word' id='word_1_128' title='bbox 209 1806 399 1867; x_wconf 85' lang='lat' dir='ltr'><strong>vestibulum</strong></span> <span class='ocrx_word' id='word_1_129' title='bbox 415 1806 552 1871; x_wconf 84' lang='lat' dir='ltr'><strong>habeant</strong></span> <span class='ocrx_word' id='word_1_130' title='bbox 571 1809 745 1874; x_wconf 86' lang='lat' dir='ltr'><strong>accedendi</strong></span> <span class='ocrx_word' id='word_1_131' title='bbox 765 1813 945 1875; x_wconf 77' lang='lat' dir='ltr'><strong>familiarem</strong></span> <span class='ocrx_word' id='word_1_132' title='bbox 956 1812 1016 1889; x_wconf 83' lang='lat'><strong>¹⁰)</strong></span> <span class='ocrx_word' id='word_1_133' title='bbox 1026 1810 1223 1891; x_wconf 76' lang='lat' dir='ltr'><strong>permissum,</strong></span> 
     </span>
     <span class='ocr_line' id='line_1_18' title="bbox 70 1889 1224 1978; baseline 0.003 -26"><span class='ocrx_word' id='word_1_134' title='bbox 70 1889 133 1952; x_wconf 84' lang='lat' dir='ltr'><strong>sed</strong></span> <span class='ocrx_word' id='word_1_135' title='bbox 154 1909 258 1972; x_wconf 89' lang='lat' dir='ltr'><strong>neque</strong></span> <span class='ocrx_word' id='word_1_136' title='bbox 278 1892 644 1973; x_wconf 79' lang='lat' dir='ltr'><strong>abbatemveleum11)</strong></span> <span class='ocrx_word' id='word_1_137' title='bbox 666 1899 719 1978; x_wconf 91' lang='lat' dir='ltr'><strong>qui</strong></span> <span class='ocrx_word' id='word_1_138' title='bbox 739 1897 919 1978; x_wconf 84' lang='lat' dir='ltr'><strong>praeficitur</strong></span> <span class='ocrx_word' id='word_1_139' title='bbox 938 1905 1029 1958; x_wconf 85' lang='lat' dir='ltr'><strong>extra</strong></span> <span class='ocrx_word' id='word_1_140' title='bbox 1050 1913 1128 1956; x_wconf 88' lang='lat' dir='ltr'><strong>earn-</strong></span> <span class='ocrx_word' id='word_1_141' title='bbox 1141 1911 1224 1974; x_wconf 92' lang='lat' dir='ltr'><strong>quae</strong></span> 
     </span>
     <span class='ocr_line' id='line_1_19' title="bbox 69 1977 1224 2066; baseline 0.001 -27"><span class='ocrx_word' id='word_1_142' title='bbox 69 1985 202 2058; x_wconf 88' lang='lat' dir='ltr'><strong>praeest</strong></span> <span class='ocrx_word' id='word_1_143' title='bbox 220 1977 307 2057; x_wconf 92' lang='lat' dir='ltr'><strong>loqui</strong></span> <span class='ocrx_word' id='word_1_144' title='bbox 325 1977 499 2058; x_wconf 86' lang='lat' dir='ltr'><strong>virginibus</strong></span> <span class='ocrx_word' id='word_1_145' title='bbox 520 1979 637 2042; x_wconf 80' lang='lat' dir='ltr'><strong>Christi</strong></span> <span class='ocrx_word' id='word_1_146' title='bbox 662 1983 794 2066; x_wconf 86' lang='lat' dir='ltr'><strong>aliquid,</strong></span> <span class='ocrx_word' id='word_1_147' title='bbox 810 1982 904 2065; x_wconf 79' lang='lat' dir='ltr'><strong>&#39;quorl</strong></span> <span class='ocrx_word' id='word_1_148' title='bbox 929 1981 971 2045; x_wconf 89' lang='lat' dir='ltr'><strong>ad</strong></span> <span class='ocrx_word' id='word_1_149' title='bbox 996 1979 1224 2042; x_wconf 87' lang='lat' dir='ltr'><strong>institutionem</strong></span> 
     </span>
     <span class='ocr_line' id='line_1_20' title="bbox 71 2062 1225 2148; baseline 0.001 -24"><span class='ocrx_word' id='word_1_150' title='bbox 71 2079 192 2125; x_wconf 85' lang='lat' dir='ltr'><strong>morum</strong></span> <span class='ocrx_word' id='word_1_151' title='bbox 206 2062 262 2140; x_wconf 84' lang='lat'><strong>¹¹)</strong></span> <span class='ocrx_word' id='word_1_152' title='bbox 290 2063 440 2143; x_wconf 89' lang='lat' dir='ltr'><strong>pertinet,</strong></span> <span class='ocrx_word' id='word_1_153' title='bbox 469 2062 595 2146; x_wconf 67' lang='lat' dir='ltr'><strong>licebit,</strong></span> <span class='ocrx_word' id='word_1_154' title='bbox 624 2086 686 2129; x_wconf 91' lang='lat' dir='ltr'><strong>neo</strong></span> <span class='ocrx_word' id='word_1_155' title='bbox 713 2087 784 2130; x_wconf 92' lang='lat' dir='ltr'><strong>cum</strong></span> <span class='ocrx_word' id='word_1_156' title='bbox 812 2067 882 2131; x_wconf 87' lang='lat' dir='ltr'><strong>sola</strong></span> <span class='ocrx_word' id='word_1_157' title='bbox 909 2085 991 2148; x_wconf 90' lang='lat' dir='ltr'><strong>quae</strong></span> <span class='ocrx_word' id='word_1_158' title='bbox 1010 2072 1139 2147; x_wconf 87' lang='lat' dir='ltr'><strong>praeest</strong></span> <span class='ocrx_word' id='word_1_159' title='bbox 1157 2064 1225 2126; x_wconf 85' lang='lat' dir='ltr'><strong>fre-</strong></span> 
     </span>
     <span class='ocr_line' id='line_1_21' title="bbox 73 2149 1225 2231; baseline 0.003 -22"><span class='ocrx_word' id='word_1_160' title='bbox 73 2156 208 2230; x_wconf 89' lang='lat' dir='ltr'><strong>quenter</strong></span> <span class='ocrx_word' id='word_1_161' title='bbox 228 2149 277 2208; x_wconf 90' lang='lat' dir='ltr'><strong>eis</strong></span> <span class='ocrx_word' id='word_1_162' title='bbox 292 2149 376 2228; x_wconf 88' lang='lat' dir='ltr'><strong>loqui</strong></span> <span class='ocrx_word' id='word_1_163' title='bbox 397 2158 521 2228; x_wconf 89' lang='lat' dir='ltr'><strong>oportet</strong></span> <span class='ocrx_word' id='word_1_164' title='bbox 532 2149 596 2231; x_wconf 64' lang='grc' dir='ltr'><strong>Ν),</strong></span> <span class='ocrx_word' id='word_1_165' title='bbox 611 2153 670 2214; x_wconf 92' lang='lat' dir='ltr'><strong>sed</strong></span> <span class='ocrx_word' id='word_1_166' title='bbox 691 2154 750 2217; x_wconf 91' lang='lat' dir='ltr'><strong>sub</strong></span> <span class='ocrx_word' id='word_1_167' title='bbox 770 2154 949 2217; x_wconf 85' lang='lat' dir='ltr'><strong>testimonio</strong></span> <span class='ocrx_word' id='word_1_168' title='bbox 965 2152 1093 2216; x_wconf 85' lang='lat' dir='ltr'><strong>duarum</strong></span> <span class='ocrx_word' id='word_1_169' title='bbox 1109 2149 1225 2230; x_wconf 77' lang='lat' dir='ltr'><strong>vel¹⁴)</strong></span> 
     </span>
     <span class='ocr_line' id='line_1_22' title="bbox 74 2233 1224 2316; baseline 0 -20"><span class='ocrx_word' id='word_1_170' title='bbox 74 2234 168 2300; x_wconf 85' lang='lat' dir='ltr'><strong>trium</strong></span> <span class='ocrx_word' id='word_1_171' title='bbox 181 2252 329 2316; x_wconf 84' lang='lat' dir='ltr'><strong>sororum,</strong></span> <span class='ocrx_word' id='word_1_172' title='bbox 346 2233 390 2302; x_wconf 84' lang='lat' dir='ltr'><strong>ita</strong></span> <span class='ocrx_word' id='word_1_173' title='bbox 407 2241 442 2296; x_wconf 93' lang='lat' dir='ltr'><strong>ut</strong></span> <span class='ocrx_word' id='word_1_174' title='bbox 458 2253 527 2300; x_wconf 89' lang='lat' dir='ltr'><strong>rara</strong></span> <span class='ocrx_word' id='word_1_175' title='bbox 545 2234 588 2301; x_wconf 90' lang='lat' dir='ltr'><strong>sit</strong></span> <span class='ocrx_word' id='word_1_176' title='bbox 609 2239 754 2302; x_wconf 89' lang='lat' dir='ltr'><strong>accessio</strong></span> <span class='ocrx_word' id='word_1_177' title='bbox 773 2247 810 2303; x_wconf 88' lang='lat' dir='ltr'><strong>et</strong></span> <span class='ocrx_word' id='word_1_178' title='bbox 828 2239 935 2304; x_wconf 87' lang='lat' dir='ltr'><strong>brevis</strong></span> <span class='ocrx_word' id='word_1_179' title='bbox 954 2238 1077 2302; x_wconf 90' lang='lat' dir='ltr'><strong>omuino</strong></span> <span class='ocrx_word' id='word_1_180' title='bbox 1097 2236 1224 2300; x_wconf 90' lang='lat' dir='ltr'><strong>locutio.</strong></span> 
     </span>
     <span class='ocr_line' id='line_1_23' title="bbox 74 2314 1224 2405; baseline 0 -23"><span class='ocrx_word' id='word_1_181' title='bbox 74 2314 170 2382; x_wconf 86' lang='lat' dir='ltr'><strong>Absit</strong></span> <span class='ocrx_word' id='word_1_182' title='bbox 191 2319 273 2382; x_wconf 90' lang='lat' dir='ltr'><strong>enim</strong></span> <span class='ocrx_word' id='word_1_183' title='bbox 294 2325 328 2382; x_wconf 90' lang='lat' dir='ltr'><strong>ut</strong></span> <span class='ocrx_word' id='word_1_184' title='bbox 349 2319 536 2404; x_wconf 89' lang='lat' dir='ltr'><strong>monachos,</strong></span> <span class='ocrx_word' id='word_1_185' title='bbox 565 2323 647 2405; x_wconf 90' lang='lat' dir='ltr'><strong>quod</strong></span> <span class='ocrx_word' id='word_1_186' title='bbox 675 2327 770 2390; x_wconf 86' lang='lat' dir='ltr'><strong>etiam</strong></span> <span class='ocrx_word' id='word_1_187' title='bbox 791 2325 878 2390; x_wconf 87' lang='lat' dir='ltr'><strong>dictu</strong></span> <span class='ocrx_word' id='word_1_188' title='bbox 897 2323 989 2389; x_wconf 86' lang='lat' dir='ltr'><strong>nefas</strong></span> <span class='ocrx_word' id='word_1_189' title='bbox 1010 2332 1078 2404; x_wconf 89' lang='lat' dir='ltr'><strong>est,</strong></span> <span class='ocrx_word' id='word_1_190' title='bbox 1105 2323 1224 2390; x_wconf 86' lang='lat' dir='ltr'><strong>Christi</strong></span> 
     </span>
     <span class='ocr_line' id='line_1_24' title="bbox 74 2403 1224 2493; baseline 0.001 -27"><span class='ocrx_word' id='word_1_191' title='bbox 74 2405 248 2486; x_wconf 88' lang='lat' dir='ltr'><strong>virginibus</strong></span> <span class='ocrx_word' id='word_1_192' title='bbox 269 2403 436 2470; x_wconf 82' lang='lat' dir='ltr'><strong>familiares</strong></span> <span class='ocrx_word' id='word_1_193' title='bbox 457 2425 531 2470; x_wconf 90' lang='lat' dir='ltr'><strong>esse</strong></span> <span class='ocrx_word' id='word_1_194' title='bbox 551 2407 700 2493; x_wconf 90' lang='lat' dir='ltr'><strong>velimus,</strong></span> <span class='ocrx_word' id='word_1_195' title='bbox 724 2411 783 2477; x_wconf 89' lang='lat' dir='ltr'><strong>sed</strong></span> <span class='ocrx_word' id='word_1_196' title='bbox 799 2409 892 2492; x_wconf 85' lang='lat' dir='ltr'><strong>juxta</strong></span> <span class='ocrx_word' id='word_1_197' title='bbox 911 2410 995 2493; x_wconf 90' lang='lat' dir='ltr'><strong>quod</strong></span> <span class='ocrx_word' id='word_1_198' title='bbox 1011 2409 1103 2490; x_wconf 86' lang='lat' dir='ltr'><strong>jussa</strong></span> <span class='ocrx_word' id='word_1_199' title='bbox 1124 2427 1224 2492; x_wconf 84' lang='lat' dir='ltr'><strong>rogu-</strong></span> 
     </span>
     <span class='ocr_line' id='line_1_25' title="bbox 77 2491 1223 2578; baseline 0.002 -26"><span class='ocrx_word' id='word_1_200' title='bbox 77 2492 175 2553; x_wconf 84' lang='lat' dir='ltr'><strong>larun</strong></span> <span class='ocrx_word' id='word_1_201' title='bbox 195 2491 247 2552; x_wconf 91' lang='lat' dir='ltr'><strong>vel</strong></span> <span class='ocrx_word' id='word_1_202' title='bbox 271 2509 424 2554; x_wconf 87' lang='lat' dir='ltr'><strong>canonum</strong></span> <span class='ocrx_word' id='word_1_203' title='bbox 451 2491 619 2557; x_wconf 90' lang='lat' dir='ltr'><strong>admonent</strong></span> <span class='ocrx_word' id='word_1_204' title='bbox 645 2498 741 2578; x_wconf 87' lang='lat' dir='ltr'><strong>louge</strong></span> <span class='ocrx_word' id='word_1_205' title='bbox 766 2496 923 2559; x_wconf 88' lang='lat' dir='ltr'><strong>discretos</strong></span> <span class='ocrx_word' id='word_1_206' title='bbox 943 2504 1038 2577; x_wconf 88' lang='lat' dir='ltr'><strong>atque</strong></span> <span class='ocrx_word' id='word_1_207' title='bbox 1061 2491 1223 2572; x_wconf 85' lang='lat' dir='ltr'><strong>sejunctos</strong></span> 
     </span>
     <span class='ocr_line' id='line_1_26' title="bbox 78 2577 1222 2664; baseline 0.001 -27"><span class='ocrx_word' id='word_1_208' title='bbox 78 2581 187 2638; x_wconf 81' lang='lat' dir='ltr'><strong>eorum</strong></span> <span class='ocrx_word' id='word_1_209' title='bbox 204 2583 324 2638; x_wconf 90' lang='lat' dir='ltr'><strong>tautum</strong></span> <span class='ocrx_word' id='word_1_210' title='bbox 351 2577 482 2640; x_wconf 85' lang='lat' dir='ltr'><strong>easdem</strong></span> <span class='ocrx_word' id='word_1_211' title='bbox 508 2579 730 2660; x_wconf 78' lang='lat' dir='ltr'><strong>gubernaculis</strong></span> <span class='ocrx_word' id='word_1_212' title='bbox 756 2580 963 2664; x_wconf 86' lang='lat' dir='ltr'><strong>deputamus,</strong></span> <span class='ocrx_word' id='word_1_213' title='bbox 990 2577 1222 2640; x_wconf 87' lang='lat' dir='ltr'><strong>constituentes</strong></span> 
     </span>
     <span class='ocr_line' id='line_1_27' title="bbox 75 2662 1223 2748; baseline -0.003 -23"><span class='ocrx_word' id='word_1_214' title='bbox 75 2669 115 2725; x_wconf 91' lang='lat' dir='ltr'><strong>ut</strong></span> <span class='ocrx_word' id='word_1_215' title='bbox 140 2679 220 2724; x_wconf 90' lang='lat' dir='ltr'><strong>uuus</strong></span> <span class='ocrx_word' id='word_1_216' title='bbox 246 2662 466 2726; x_wconf 90' lang='lat' dir='ltr'><strong>monachorum</strong></span> <span class='ocrx_word' id='word_1_217' title='bbox 491 2664 730 2746; x_wconf 89' lang='lat' dir='ltr'><strong>probatissimus</strong></span> <span class='ocrx_word' id='word_1_218' title='bbox 756 2667 907 2748; x_wconf 84' lang='lat' dir='ltr'><strong>eligatur,</strong></span> <span class='ocrx_word' id='word_1_219' title='bbox 940 2662 1032 2746; x_wconf 91' lang='lat' dir='ltr'><strong>cujus</strong></span> <span class='ocrx_word' id='word_1_220' title='bbox 1059 2679 1153 2722; x_wconf 88' lang='lat' dir='ltr'><strong>curae</strong></span> <span class='ocrx_word' id='word_1_221' title='bbox 1181 2663 1223 2722; x_wconf 81' lang='lat' dir='ltr'><strong>rit</strong></span> 
     </span>
     <span class='ocr_line' id='line_1_28' title="bbox 75 2745 1224 2839; baseline -0.003 -30"><span class='ocrx_word' id='word_1_222' title='bbox 75 2745 204 2839; x_wconf 80' lang='lat' dir='ltr'><strong>praedia</strong></span> <span class='ocrx_word' id='word_1_223' title='bbox 223 2766 329 2810; x_wconf 84' lang='lat' dir='ltr'><strong>earum</strong></span> <span class='ocrx_word' id='word_1_224' title='bbox 355 2749 472 2811; x_wconf 87' lang='lat' dir='ltr'><strong>rustica</strong></span> <span class='ocrx_word' id='word_1_225' title='bbox 499 2751 552 2811; x_wconf 88' lang='lat' dir='ltr'><strong>vel</strong></span> <span class='ocrx_word' id='word_1_226' title='bbox 581 2754 698 2814; x_wconf 86' lang='lat' dir='ltr'><strong>urbana</strong></span> <span class='ocrx_word' id='word_1_227' title='bbox 713 2749 771 2833; x_wconf 82' lang='lat'><strong>¹⁵)</strong></span> <span class='ocrx_word' id='word_1_228' title='bbox 796 2747 973 2832; x_wconf 89' lang='lat' dir='ltr'><strong>intendere,</strong></span> <span class='ocrx_word' id='word_1_229' title='bbox 1000 2747 1136 2811; x_wconf 87' lang='lat' dir='ltr'><strong>fabricas</strong></span> <span class='ocrx_word' id='word_1_230' title='bbox 1163 2765 1224 2808; x_wconf 86' lang='lat' dir='ltr'><strong>ex-</strong></span> 
     </span>
     <span class='ocr_line' id='line_1_29' title="bbox 76 2831 1225 2918; baseline -0.002 -23"><span class='ocrx_word' id='word_1_231' title='bbox 76 2843 216 2916; x_wconf 86' lang='lat' dir='ltr'><strong>struere,</strong></span> <span class='ocrx_word' id='word_1_232' title='bbox 242 2834 295 2898; x_wconf 86' lang='lat' dir='ltr'><strong>vel</strong></span> <span class='ocrx_word' id='word_1_233' title='bbox 318 2831 346 2898; x_wconf 89' lang='lat' dir='ltr'><strong>si</strong></span> <span class='ocrx_word' id='word_1_234' title='bbox 367 2833 442 2918; x_wconf 88' lang='lat' dir='ltr'><strong>quid</strong></span> <span class='ocrx_word' id='word_1_235' title='bbox 461 2833 544 2898; x_wconf 91' lang='lat' dir='ltr'><strong>aliud</strong></span> <span class='ocrx_word' id='word_1_236' title='bbox 561 2835 615 2916; x_wconf 80' lang='lat'><strong>¹⁰)</strong></span> <span class='ocrx_word' id='word_1_237' title='bbox 642 2837 683 2901; x_wconf 89' lang='lat' dir='ltr'><strong>ad</strong></span> <span class='ocrx_word' id='word_1_238' title='bbox 704 2837 929 2901; x_wconf 87' lang='lat' dir='ltr'><strong>necessitatem</strong></span> <span class='ocrx_word' id='word_1_239' title='bbox 949 2833 1128 2897; x_wconf 85' lang='lat' dir='ltr'><strong>monasterii</strong></span> <span class='ocrx_word' id='word_1_240' title='bbox 1149 2852 1225 2914; x_wconf 93' lang='lat' dir='ltr'><strong>pro-</strong></span> 
     </span>
     <span class='ocr_line' id='line_1_30' title="bbox 76 2917 1224 3003; baseline 0 -23"><span class='ocrx_word' id='word_1_241' title='bbox 76 2918 205 2999; x_wconf 85' lang='lat' dir='ltr'><strong>videre,</strong></span> <span class='ocrx_word' id='word_1_242' title='bbox 234 2927 280 2980; x_wconf 90' lang='lat' dir='ltr'><strong>ut</strong></span> <span class='ocrx_word' id='word_1_243' title='bbox 298 2917 416 2994; x_wconf 80' lang='lat' dir='ltr'><strong>Christi</strong></span> <span class='ocrx_word' id='word_1_244' title='bbox 443 2919 578 2986; x_wconf 79' lang='lat' dir='ltr'><strong>famulae</strong></span> <span class='ocrx_word' id='word_1_245' title='bbox 605 2943 660 3003; x_wconf 92' lang='lat' dir='ltr'><strong>pro</strong></span> <span class='ocrx_word' id='word_1_246' title='bbox 687 2919 1224 2998; x_wconf 69' lang='lat' dir='ltr'><strong>animarumsuarun12)tanrum</strong></span> 
     </span>
     <span class='ocr_line' id='line_1_31' title="bbox 77 3003 1225 3088; baseline 0.002 -22"><span class='ocrx_word' id='word_1_247' title='bbox 77 3005 212 3066; x_wconf 89' lang='lat' dir='ltr'><strong>utilitate</strong></span> <span class='ocrx_word' id='word_1_248' title='bbox 248 3003 402 3066; x_wconf 88' lang='lat' dir='ltr'><strong>sollicitae</strong></span> <span class='ocrx_word' id='word_1_249' title='bbox 434 3007 513 3068; x_wconf 86' lang='lat' dir='ltr'><strong>solis</strong></span> <span class='ocrx_word' id='word_1_250' title='bbox 545 3007 659 3070; x_wconf 87' lang='lat' dir='ltr'><strong>divinis</strong></span> <span class='ocrx_word' id='word_1_251' title='bbox 686 3010 822 3077; x_wconf 87' lang='lat' dir='ltr'><strong>cultibus</strong></span> <span class='ocrx_word' id='word_1_252' title='bbox 847 3010 970 3088; x_wconf 87' lang='lat' dir='ltr'><strong>vivant,</strong></span> <span class='ocrx_word' id='word_1_253' title='bbox 991 3005 1136 3087; x_wconf 91' lang='lat' dir='ltr'><strong>operibus</strong></span> <span class='ocrx_word' id='word_1_254' title='bbox 1157 3006 1225 3068; x_wconf 85' lang='lat' dir='ltr'><strong>suis</strong></span> 
     </span>
     <span class='ocr_line' id='line_1_32' title="bbox 77 3089 1303 3179; baseline 0.002 -29"><span class='ocrx_word' id='word_1_255' title='bbox 77 3090 259 3156; x_wconf 84' lang='lat' dir='ltr'><strong>inserviant.</strong></span> <span class='ocrx_word' id='word_1_256' title='bbox 291 3089 394 3152; x_wconf 87' lang='lat' dir='ltr'><strong>-Saue</strong></span> <span class='ocrx_word' id='word_1_257' title='bbox 424 3089 453 3152; x_wconf 88' lang='lat' dir='ltr'><strong>is</strong></span> <span class='ocrx_word' id='word_1_258' title='bbox 483 3091 535 3173; x_wconf 88' lang='lat' dir='ltr'><strong>qui</strong></span> <span class='ocrx_word' id='word_1_259' title='bbox 568 3093 607 3154; x_wconf 87' lang='lat' dir='ltr'><strong>ab</strong></span> <span class='ocrx_word' id='word_1_260' title='bbox 640 3095 755 3161; x_wconf 86' lang='lat' dir='ltr'><strong>abbata</strong></span> <span class='ocrx_word' id='word_1_261' title='bbox 782 3091 997 3175; x_wconf 85' lang='lat' dir='ltr'><strong>praeponitur,</strong></span> <span class='ocrx_word' id='word_1_262' title='bbox 1023 3089 1141 3174; x_wconf 88' lang='lat' dir='ltr'><strong>judicio</strong></span> <span class='ocrx_word' id='word_1_263' title='bbox 1172 3091 1223 3153; x_wconf 88' lang='lat' dir='ltr'><strong>sui</strong></span> <span class='ocrx_word' id='word_1_264' title='bbox 1293 3170 1303 3179; x_wconf 64' lang='lat'>,</span> 
     </span>
     <span class='ocr_line' id='line_1_33' title="bbox 80 3174 1225 3263; baseline 0.005 -27"><span class='ocrx_word' id='word_1_265' title='bbox 80 3174 220 3256; x_wconf 90' lang='lat' dir='ltr'><strong>episcopi</strong></span> <span class='ocrx_word' id='word_1_266' title='bbox 239 3175 463 3256; x_wconf 87' lang='lat' dir='ltr'><strong>comprobetur.</strong></span> <span class='ocrx_word' id='word_1_267' title='bbox 503 3177 626 3242; x_wconf 88' lang='lat' dir='ltr'><strong>Vestes</strong></span> <span class='ocrx_word' id='word_1_268' title='bbox 647 3188 753 3263; x_wconf 89' lang='lat' dir='ltr'><strong>autem</strong></span> <span class='ocrx_word' id='word_1_269' title='bbox 773 3181 846 3244; x_wconf 88' lang='lat' dir='ltr'><strong>illae</strong></span> <span class='ocrx_word' id='word_1_270' title='bbox 865 3179 977 3244; x_wconf 88' lang='lat' dir='ltr'><strong>iisdem</strong></span> <span class='ocrx_word' id='word_1_271' title='bbox 997 3176 1225 3255; x_wconf 81' lang='lat' dir='ltr'><strong>coenobiis¹⁸·)</strong></span> 
     </span>
     <span class='ocr_line' id='line_1_34' title="bbox 76 3257 1226 3349; baseline -0.002 -26"><span class='ocrx_word' id='word_1_272' title='bbox 76 3257 196 3324; x_wconf 82' lang='lat' dir='ltr'><strong>saciant</strong></span> <span class='ocrx_word' id='word_1_273' title='bbox 223 3276 243 3321; x_wconf 89' lang='lat' dir='ltr'><strong>a</strong></span> <span class='ocrx_word' id='word_1_274' title='bbox 271 3260 385 3341; x_wconf 84' lang='lat' dir='ltr'><strong>quibus</strong></span> <span class='ocrx_word' id='word_1_275' title='bbox 411 3261 575 3324; x_wconf 89' lang='lat' dir='ltr'><strong>tuitionem</strong></span> <span class='ocrx_word' id='word_1_276' title='bbox 604 3275 800 3349; x_wconf 83' lang='lat' dir='ltr'><strong>expectant,</strong></span> <span class='ocrx_word' id='word_1_277' title='bbox 830 3265 871 3328; x_wconf 89' lang='lat' dir='ltr'><strong>ab</strong></span> <span class='ocrx_word' id='word_1_278' title='bbox 899 3259 1011 3328; x_wconf 84' lang='lat' dir='ltr'><strong>iisdem</strong></span> <span class='ocrx_word' id='word_1_279' title='bbox 1038 3263 1156 3346; x_wconf 86' lang='lat' dir='ltr'><strong>denuo,</strong></span> <span class='ocrx_word' id='word_1_280' title='bbox 1189 3271 1226 3322; x_wconf 90' lang='lat' dir='ltr'><strong>ut</strong></span> 
     </span>
     <span class='ocr_line' id='line_1_35' title="bbox 75 3345 1226 3434; baseline -0.001 -27"><span class='ocrx_word' id='word_1_281' title='bbox 75 3345 270 3434; x_wconf 89' lang='lat' dir='ltr'><strong>praedictum</strong></span> <span class='ocrx_word' id='word_1_282' title='bbox 302 3354 377 3428; x_wconf 89' lang='lat' dir='ltr'><strong>est,</strong></span> <span class='ocrx_word' id='word_1_283' title='bbox 409 3345 548 3410; x_wconf 90' lang='lat' dir='ltr'><strong>laborum</strong></span> <span class='ocrx_word' id='word_1_284' title='bbox 578 3350 700 3414; x_wconf 82' lang='lat' dir='ltr'><strong>fructus</strong></span> <span class='ocrx_word' id='word_1_285' title='bbox 727 3361 762 3414; x_wconf 89' lang='lat' dir='ltr'><strong>et</strong></span> <span class='ocrx_word' id='word_1_286' title='bbox 788 3350 1014 3432; x_wconf 74' lang='lat' dir='ltr'><strong>procurationis</strong></span> <span class='ocrx_word' id='word_1_287' title='bbox 1043 3347 1226 3428; x_wconf 85' lang='lat' dir='ltr'><strong>suffragium</strong></span> 
     </span>
     <span class='ocr_line' id='line_1_36' title="bbox 76 3430 1259 3514; baseline -0.003 -20"><span class='ocrx_word' id='word_1_288' title='bbox 76 3439 271 3514; x_wconf 86' lang='lat' dir='ltr'><strong>recepturae.</strong></span> <span class='ocrx_word' id='word_1_289' title='bbox 307 3430 344 3494; x_wconf 88' lang='lat' dir='ltr'><strong>Si</strong></span> <span class='ocrx_word' id='word_1_290' title='bbox 364 3431 417 3512; x_wconf 92' lang='lat' dir='ltr'><strong>qui</strong></span> <span class='ocrx_word' id='word_1_291' title='bbox 437 3440 543 3497; x_wconf 89' lang='lat' dir='ltr'><strong>autem</strong></span> <span class='ocrx_word' id='word_1_292' title='bbox 563 3437 818 3499; x_wconf 86' lang='lat' dir='ltr'><strong>monasteriorum</strong></span> <span class='ocrx_word' id='word_1_293' title='bbox 830 3433 884 3513; x_wconf 72' lang='grc' dir='ltr'><strong>ιο)</strong></span> <span class='ocrx_word' id='word_1_294' title='bbox 901 3435 985 3496; x_wconf 79' lang='lat' dir='ltr'><strong>han&#39;c</strong></span> <span class='ocrx_word' id='word_1_295' title='bbox 1005 3431 1227 3494; x_wconf 88' lang='lat' dir='ltr'><strong>ordinationem</strong></span> <span class='ocrx_word' id='word_1_296' title='bbox 1257 3497 1259 3506; x_wconf 46' lang='lat'><strong>,</strong></span> 
     </span>
     <span class='ocr_line' id='line_1_37' title="bbox 78 3517 1226 3601; baseline -0.004 -21"><span class='ocrx_word' id='word_1_297' title='bbox 78 3524 135 3580; x_wconf 83' lang='lat' dir='ltr'><strong>aut</strong></span> <span class='ocrx_word' id='word_1_298' title='bbox 155 3517 397 3596; x_wconf 86' lang='lat' dir='ltr'><strong>contempserint</strong></span> <span class='ocrx_word' id='word_1_299' title='bbox 413 3526 468 3579; x_wconf 88' lang='lat' dir='ltr'><strong>out</strong></span> <span class='ocrx_word' id='word_1_300' title='bbox 484 3521 623 3601; x_wconf 88' lang='lat' dir='ltr'><strong>qualibet</strong></span> <span class='ocrx_word' id='word_1_301' title='bbox 643 3521 773 3584; x_wconf 84' lang='lat' dir='ltr'><strong>inertiae</strong></span> <span class='ocrx_word' id='word_1_302' title='bbox 795 3520 999 3596; x_wconf 86' lang='lat' dir='ltr'><strong>dissolutione</strong></span> <span class='ocrx_word' id='word_1_303' title='bbox 1018 3517 1226 3598; x_wconf 87' lang='lat' dir='ltr'><strong>neglexerint,</strong></span> 
     </span>
     <span class='ocr_line' id='line_1_38' title="bbox 76 3599 1228 3692; baseline -0.002 -25"><span class='ocrx_word' id='word_1_304' title='bbox 76 3599 182 3666; x_wconf 79' lang='lat' dir='ltr'><strong>sciant</strong></span> <span class='ocrx_word' id='word_1_305' title='bbox 202 3599 285 3684; x_wconf 89' lang='lat' dir='ltr'><strong>qnod</strong></span> <span class='ocrx_word' id='word_1_306' title='bbox 306 3619 413 3666; x_wconf 89' lang='lat' dir='ltr'><strong>eorum</strong></span> <span class='ocrx_word' id='word_1_307' title='bbox 432 3609 522 3686; x_wconf 87' lang='lat' dir='ltr'><strong>tepor</strong></span> <span class='ocrx_word' id='word_1_308' title='bbox 536 3605 592 3688; x_wconf 84' lang='lat'><strong>²⁰)</strong></span> <span class='ocrx_word' id='word_1_309' title='bbox 613 3614 708 3692; x_wconf 90' lang='lat' dir='ltr'><strong>atque</strong></span> <span class='ocrx_word' id='word_1_310' title='bbox 729 3603 877 3690; x_wconf 88' lang='lat' dir='ltr'><strong>superbia</strong></span> <span class='ocrx_word' id='word_1_311' title='bbox 895 3603 1228 3670; x_wconf 86' lang='lat' dir='ltr'><strong>excommunicationis</strong></span> 
     </span>
     <span class='ocr_line' id='line_1_39' title="bbox 74 3685 959 3768; baseline 0.001 -16"><span class='ocrx_word' id='word_1_312' title='bbox 74 3687 119 3752; x_wconf 87' lang='lat' dir='ltr'><strong>sit</strong></span> <span class='ocrx_word' id='word_1_313' title='bbox 139 3685 309 3768; x_wconf 88' lang='lat' dir='ltr'><strong>plectenda</strong></span> <span class='ocrx_word' id='word_1_314' title='bbox 327 3706 469 3754; x_wconf 86' lang='lat' dir='ltr'><strong>censura.</strong></span> <span class='ocrx_word' id='word_1_315' title='bbox 955 3719 959 3725; x_wconf 59' lang='grc'>’</span> 
     </span>
    </p>
   </div>
   <div class='ocr_carea' id='block_1_5' title="bbox 75 3847 334 3886">
    <p class='ocr_par' dir='ltr' id='par_1_5' title="bbox 75 3847 334 3886">
     <span class='ocr_line' id='line_1_40' title="bbox 75 3847 334 3886; baseline 0.004 -22"><span class='ocrx_word' id='word_1_316' title='bbox 75 3847 280 3868; x_wconf 53' lang='lat' dir='ltr'><strong><em>m</em></strong></span> <span class='ocrx_word' id='word_1_317' title='bbox 330 3876 334 3886; x_wconf 64' lang='lat'><strong>,</strong></span> 
     </span>
    </p>
   </div>
   <div class='ocr_carea' id='block_1_6' title="bbox 12 3939 1235 4576">
    <p class='ocr_par' dir='ltr' id='par_1_6' title="bbox 12 3939 1235 4576">
     <span class='ocr_line' id='line_1_41' title="bbox 123 3939 1228 4014; baseline 0.007 -24"><span class='ocrx_word' id='word_1_318' title='bbox 123 3939 152 4008; x_wconf 72' lang='lat'><strong>1)</strong></span> <span class='ocrx_word' id='word_1_319' title='bbox 170 3946 255 3992; x_wconf 82' lang='lat' dir='ltr'><strong>tantae</strong></span> <span class='ocrx_word' id='word_1_320' title='bbox 271 3939 309 3992; x_wconf 88' lang='grc' dir='ltr'><strong>Μ.</strong></span> <span class='ocrx_word' id='word_1_321' title='bbox 343 3967 380 3983; x_wconf 86' lang='lat'><strong>-·</strong></span> <span class='ocrx_word' id='word_1_322' title='bbox 421 3939 451 4012; x_wconf 82' lang='lat'><strong>²)</strong></span> <span class='ocrx_word' id='word_1_323' title='bbox 468 3949 515 3994; x_wconf 82' lang='lat' dir='ltr'><strong>too</strong></span> <span class='ocrx_word' id='word_1_324' title='bbox 531 3941 569 3996; x_wconf 86' lang='lat' dir='ltr'><strong>M.</strong></span> <span class='ocrx_word' id='word_1_325' title='bbox 602 3972 637 3985; x_wconf 93' lang='lat'><strong>-·</strong></span> <span class='ocrx_word' id='word_1_326' title='bbox 685 3946 715 4014; x_wconf 77' lang='lat'><strong>⁸)</strong></span> <span class='ocrx_word' id='word_1_327' title='bbox 733 3953 843 4000; x_wconf 79' lang='lat' dir='ltr'><strong>eumdem</strong></span> <span class='ocrx_word' id='word_1_328' title='bbox 859 3951 927 3996; x_wconf 77' lang='lat' dir='ltr'><strong>socri</strong></span> <span class='ocrx_word' id='word_1_329' title='bbox 944 3950 1029 3998; x_wconf 74' lang='lat' dir='ltr'><strong>coetae</strong></span> <span class='ocrx_word' id='word_1_330' title='bbox 1045 3945 1101 4001; x_wconf 86' lang='lat' dir='ltr'><strong>BR.</strong></span> <span class='ocrx_word' id='word_1_331' title='bbox 1120 3947 1228 4002; x_wconf 80' lang='lat' dir='ltr'><strong>T.1.2.</strong></span> 
     </span>
     <span class='ocr_line' id='line_1_42' title="bbox 149 4009 1229 4086; baseline 0.009 -26"><span class='ocrx_word' id='word_1_332' title='bbox 149 4010 181 4061; x_wconf 86' lang='lat' dir='ltr'><strong>U.</strong></span> <span class='ocrx_word' id='word_1_333' title='bbox 198 4009 233 4062; x_wconf 87' lang='lat' dir='ltr'><strong>G.</strong></span> <span class='ocrx_word' id='word_1_334' title='bbox 250 4015 280 4062; x_wconf 86' lang='lat' dir='ltr'><strong>et</strong></span> <span class='ocrx_word' id='word_1_335' title='bbox 295 4010 343 4077; x_wconf 84' lang='lat' dir='ltr'><strong>M,</strong></span> <span class='ocrx_word' id='word_1_336' title='bbox 360 4019 633 4074; x_wconf 63' lang='lat' dir='ltr'><strong>mecumtecum</strong></span> <span class='ocrx_word' id='word_1_337' title='bbox 650 4024 840 4078; x_wconf 70' lang='lat' dir='ltr'><strong>commoneant</strong></span> <span class='ocrx_word' id='word_1_338' title='bbox 856 4014 883 4066; x_wconf 92' lang='lat' dir='ltr'><strong>in</strong></span> <span class='ocrx_word' id='word_1_339' title='bbox 900 4029 936 4066; x_wconf 85' lang='lat' dir='ltr'><strong>m.</strong></span> <span class='ocrx_word' id='word_1_340' title='bbox 953 4015 991 4067; x_wconf 88' lang='grc' dir='ltr'><strong>Μ.</strong></span> <span class='ocrx_word' id='word_1_341' title='bbox 1024 4046 1061 4060; x_wconf 91' lang='lat'><em>-</em></span> <span class='ocrx_word' id='word_1_342' title='bbox 1101 4017 1132 4086; x_wconf 72' lang='lat'><strong>⁴)</strong></span> <span class='ocrx_word' id='word_1_343' title='bbox 1150 4027 1175 4070; x_wconf 83' lang='lat' dir='ltr'><strong>et</strong></span> <span class='ocrx_word' id='word_1_344' title='bbox 1190 4019 1229 4070; x_wconf 90' lang='lat' dir='ltr'><strong>M.</strong></span> 
     </span>
     <span class='ocr_line' id='line_1_43' title="bbox 122 4077 1231 4158; baseline 0.007 -25"><span class='ocrx_word' id='word_1_345' title='bbox 122 4077 152 4146; x_wconf 67' lang='grc' dir='ltr'><strong>ὅ)</strong></span> <span class='ocrx_word' id='word_1_346' title='bbox 176 4087 216 4134; x_wconf 78' lang='lat' dir='ltr'><strong>ret</strong></span> <span class='ocrx_word' id='word_1_347' title='bbox 236 4088 326 4141; x_wconf 73' lang='lat' dir='ltr'><strong>abinoe</strong></span> <span class='ocrx_word' id='word_1_348' title='bbox 347 4082 407 4136; x_wconf 87' lang='lat' dir='ltr'><strong>add.</strong></span> <span class='ocrx_word' id='word_1_349' title='bbox 430 4082 459 4138; x_wconf 87' lang='lat' dir='ltr'><strong>in</strong></span> <span class='ocrx_word' id='word_1_350' title='bbox 475 4083 585 4152; x_wconf 85' lang='lat' dir='ltr'><strong>reliquis</strong></span> <span class='ocrx_word' id='word_1_351' title='bbox 605 4087 681 4140; x_wconf 84' lang='lat' dir='ltr'><strong>codd.</strong></span> <span class='ocrx_word' id='word_1_352' title='bbox 698 4087 774 4156; x_wconf 85' lang='lat' dir='ltr'><strong>Hisp.</strong></span> <span class='ocrx_word' id='word_1_353' title='bbox 791 4089 899 4158; x_wconf 86' lang='lat' dir='ltr'><strong>praeter</strong></span> <span class='ocrx_word' id='word_1_354' title='bbox 913 4083 946 4136; x_wconf 84' lang='grc' dir='ltr'><strong>Α.</strong></span> <span class='ocrx_word' id='word_1_355' title='bbox 995 4115 1032 4130; x_wconf 84' lang='lat'><strong>-·</strong></span> <span class='ocrx_word' id='word_1_356' title='bbox 1091 4089 1121 4156; x_wconf 69' lang='grc' dir='ltr'><strong>θ)</strong></span> <span class='ocrx_word' id='word_1_357' title='bbox 1144 4097 1231 4150; x_wconf 77' lang='lat' dir='ltr'><strong>putrer</strong></span> 
     </span>
     <span class='ocr_line' id='line_1_44' title="bbox 147 4152 1229 4224; baseline 0.007 -24"><span class='ocrx_word' id='word_1_358' title='bbox 147 4157 256 4212; x_wconf 73' lang='lat' dir='ltr'><strong>episcopt</strong></span> <span class='ocrx_word' id='word_1_359' title='bbox 273 4157 337 4202; x_wconf 72' lang='lat' dir='ltr'><strong>rores</strong></span> <span class='ocrx_word' id='word_1_360' title='bbox 353 4152 390 4203; x_wconf 91' lang='lat' dir='ltr'><strong>M.</strong></span> <span class='ocrx_word' id='word_1_361' title='bbox 423 4179 460 4194; x_wconf 86' lang='lat'><strong>-</strong></span> <span class='ocrx_word' id='word_1_362' title='bbox 496 4152 525 4222; x_wconf 62' lang='grc' dir='ltr'><strong>Ἰ)</strong></span> <span class='ocrx_word' id='word_1_363' title='bbox 542 4165 647 4216; x_wconf 79' lang='lat' dir='ltr'><strong>poseant</strong></span> <span class='ocrx_word' id='word_1_364' title='bbox 663 4158 701 4210; x_wconf 90' lang='lat' dir='ltr'><strong>M.</strong></span> <span class='ocrx_word' id='word_1_365' title='bbox 736 4185 772 4212; x_wconf 87' lang='lat'><strong>-.-</strong></span> <span class='ocrx_word' id='word_1_366' title='bbox 814 4155 843 4224; x_wconf 72' lang='grc'><strong>8)</strong></span> <span class='ocrx_word' id='word_1_367' title='bbox 862 4160 1123 4218; x_wconf 65' lang='lat' dir='ltr'><strong>mememoratur</strong></span> <span class='ocrx_word' id='word_1_368' title='bbox 1138 4158 1175 4209; x_wconf 87' lang='grc' dir='ltr'><strong>Μ.</strong></span> <span class='ocrx_word' id='word_1_369' title='bbox 1192 4186 1229 4196; x_wconf 89' lang='grc'><strong>-</strong></span> 
     </span>
     <span class='ocr_line' id='line_1_45' title="bbox 12 4217 1230 4296; baseline 0.01 -28"><span class='ocrx_word' id='word_1_370' title='bbox 12 4219 13 4226; x_wconf 78' lang='grc'>’</span> <span class='ocrx_word' id='word_1_371' title='bbox 120 4217 150 4286; x_wconf 73' lang='lat'><strong>⁹)</strong></span> <span class='ocrx_word' id='word_1_372' title='bbox 168 4223 338 4280; x_wconf 66' lang='lat' dir='ltr'><strong>romaniola</strong></span> <span class='ocrx_word' id='word_1_373' title='bbox 354 4221 384 4274; x_wconf 89' lang='lat' dir='ltr'><strong>in</strong></span> <span class='ocrx_word' id='word_1_374' title='bbox 401 4237 435 4275; x_wconf 86' lang='grc' dir='ltr'><strong>ιιι.</strong></span> <span class='ocrx_word' id='word_1_375' title='bbox 453 4224 492 4276; x_wconf 82' lang='grc' dir='ltr'><strong>Μ.</strong></span> <span class='ocrx_word' id='word_1_376' title='bbox 543 4253 579 4266; x_wconf 87' lang='grc'><strong>-</strong></span> <span class='ocrx_word' id='word_1_377' title='bbox 636 4227 686 4293; x_wconf 87' lang='lat'><strong>¹⁰)</strong></span> <span class='ocrx_word' id='word_1_378' title='bbox 703 4231 828 4288; x_wconf 66' lang='lat' dir='ltr'><strong>torculare</strong></span> <span class='ocrx_word' id='word_1_379' title='bbox 843 4224 881 4278; x_wconf 89' lang='lat' dir='ltr'><strong>M.</strong></span> <span class='ocrx_word' id='word_1_380' title='bbox 927 4253 964 4264; x_wconf 92' lang='lat'><strong>-·-</strong></span> <span class='ocrx_word' id='word_1_381' title='bbox 1016 4228 1230 4296; x_wconf 82' lang='lat' dir='ltr'><strong>11)aeoobbctt</strong></span> 
     </span>
     <span class='ocr_line' id='line_1_46' title="bbox 147 4289 1229 4359; baseline 0.006 -17"><span class='ocrx_word' id='word_1_382' title='bbox 147 4305 195 4342; x_wconf 77' lang='lat' dir='ltr'><strong>aec</strong></span> <span class='ocrx_word' id='word_1_383' title='bbox 218 4298 243 4341; x_wconf 84' lang='lat' dir='ltr'><strong>el</strong></span> <span class='ocrx_word' id='word_1_384' title='bbox 265 4289 303 4343; x_wconf 88' lang='lat' dir='ltr'><strong>M.</strong></span> <span class='ocrx_word' id='word_1_385' title='bbox 354 4317 390 4334; x_wconf 89' lang='lat'><strong>···</strong></span> <span class='ocrx_word' id='word_1_386' title='bbox 446 4293 495 4359; x_wconf 85' lang='lat'><strong>1²)</strong></span> <span class='ocrx_word' id='word_1_387' title='bbox 518 4301 558 4346; x_wconf 85' lang='lat' dir='ltr'><strong>cet</strong></span> <span class='ocrx_word' id='word_1_388' title='bbox 580 4301 818 4349; x_wconf 67' lang='lat' dir='ltr'><strong>contabulationem</strong></span> <span class='ocrx_word' id='word_1_389' title='bbox 839 4309 925 4348; x_wconf 80' lang='lat' dir='ltr'><strong>eoram</strong></span> <span class='ocrx_word' id='word_1_390' title='bbox 947 4295 1052 4350; x_wconf 82' lang='lat' dir='ltr'><strong>addin</strong></span> <span class='ocrx_word' id='word_1_391' title='bbox 1069 4313 1104 4348; x_wconf 88' lang='lat' dir='ltr'><strong>m.</strong></span> <span class='ocrx_word' id='word_1_392' title='bbox 1121 4297 1159 4350; x_wconf 95' lang='lat' dir='ltr'><strong>M.</strong></span> <span class='ocrx_word' id='word_1_393' title='bbox 1191 4325 1229 4344; x_wconf 57' lang='grc' dir='ltr'><strong>μ-</strong></span> 
     </span>
     <span class='ocr_line' id='line_1_47' title="bbox 99 4357 1235 4436; baseline 0.008 -27"><span class='ocrx_word' id='word_1_394' title='bbox 99 4357 152 4426; x_wconf 69' lang='lat'><strong>¹³)</strong></span> <span class='ocrx_word' id='word_1_395' title='bbox 166 4365 213 4410; x_wconf 82' lang='lat' dir='ltr'><strong>rect</strong></span> <span class='ocrx_word' id='word_1_396' title='bbox 229 4377 275 4410; x_wconf 83' lang='lat' dir='ltr'><strong>nec</strong></span> <span class='ocrx_word' id='word_1_397' title='bbox 290 4369 346 4423; x_wconf 73' lang='lat' dir='ltr'><strong>apae</strong></span> <span class='ocrx_word' id='word_1_398' title='bbox 363 4371 405 4423; x_wconf 78' lang='lat' dir='ltr'><strong>rut</strong></span> <span class='ocrx_word' id='word_1_399' title='bbox 421 4373 522 4426; x_wconf 73' lang='lat' dir='ltr'><strong>prooem</strong></span> <span class='ocrx_word' id='word_1_400' title='bbox 539 4380 594 4418; x_wconf 84' lang='lat' dir='ltr'><strong>oum</strong></span> <span class='ocrx_word' id='word_1_401' title='bbox 604 4373 659 4416; x_wconf 80' lang='lat' dir='ltr'><strong>solo</strong></span> <span class='ocrx_word' id='word_1_402' title='bbox 670 4374 774 4428; x_wconf 62' lang='lat' dir='ltr'><strong>colloqui</strong></span> <span class='ocrx_word' id='word_1_403' title='bbox 786 4373 858 4420; x_wconf 80' lang='lat' dir='ltr'><strong>debet</strong></span> <span class='ocrx_word' id='word_1_404' title='bbox 871 4363 934 4432; x_wconf 90' lang='lat' dir='ltr'><strong>(om.</strong></span> <span class='ocrx_word' id='word_1_405' title='bbox 947 4364 1034 4418; x_wconf 86' lang='lat' dir='ltr'><strong>rerbis</strong></span> <span class='ocrx_word' id='word_1_406' title='bbox 1044 4373 1156 4426; x_wconf 76' lang='lat' dir='ltr'><strong>abbatem</strong></span> <span class='ocrx_word' id='word_1_407' title='bbox 1167 4367 1235 4436; x_wconf 78' lang='lat' dir='ltr'><strong>ele).</strong></span> 
     </span>
     <span class='ocr_line' id='line_1_48' title="bbox 148 4427 1228 4505; baseline 0.008 -24"><span class='ocrx_word' id='word_1_408' title='bbox 148 4427 178 4484; x_wconf 85' lang='lat' dir='ltr'><strong>iu</strong></span> <span class='ocrx_word' id='word_1_409' title='bbox 192 4445 229 4504; x_wconf 69' lang='grc' dir='ltr'><strong>ιιι.</strong></span> <span class='ocrx_word' id='word_1_410' title='bbox 246 4429 284 4482; x_wconf 82' lang='grc' dir='ltr'><strong>Μ.</strong></span> <span class='ocrx_word' id='word_1_411' title='bbox 318 4457 355 4471; x_wconf 87' lang='grc'><strong>·-</strong></span> <span class='ocrx_word' id='word_1_412' title='bbox 394 4432 444 4502; x_wconf 78' lang='lat'><strong>1⁴)</strong></span> <span class='ocrx_word' id='word_1_413' title='bbox 461 4442 505 4486; x_wconf 82' lang='lat' dir='ltr'><strong>nat</strong></span> <span class='ocrx_word' id='word_1_414' title='bbox 521 4434 559 4486; x_wconf 94' lang='lat' dir='ltr'><strong>M.</strong></span> <span class='ocrx_word' id='word_1_415' title='bbox 599 4463 635 4476; x_wconf 94' lang='lat'><em>—</em></span> <span class='ocrx_word' id='word_1_416' title='bbox 680 4437 729 4505; x_wconf 77' lang='lat'><strong>¹³)</strong></span> <span class='ocrx_word' id='word_1_417' title='bbox 746 4445 858 4500; x_wconf 70' lang='lat' dir='ltr'><strong>praedite</strong></span> <span class='ocrx_word' id='word_1_418' title='bbox 875 4451 961 4492; x_wconf 79' lang='lat' dir='ltr'><strong>eoram</strong></span> <span class='ocrx_word' id='word_1_419' title='bbox 975 4441 1079 4488; x_wconf 73' lang='lat' dir='ltr'><strong>raetica</strong></span> <span class='ocrx_word' id='word_1_420' title='bbox 1095 4443 1135 4490; x_wconf 81' lang='lat' dir='ltr'><strong>cel</strong></span> <span class='ocrx_word' id='word_1_421' title='bbox 1152 4447 1228 4490; x_wconf 82' lang='lat' dir='ltr'><strong>urto-</strong></span> 
     </span>
     <span class='ocr_line' id='line_1_49' title="bbox 149 4497 1229 4576; baseline 0.014 -29"><span class='ocrx_word' id='word_1_422' title='bbox 149 4497 235 4551; x_wconf 78' lang='lat' dir='ltr'><strong>ntrin</strong></span> <span class='ocrx_word' id='word_1_423' title='bbox 253 4516 288 4554; x_wconf 88' lang='lat' dir='ltr'><strong>m.</strong></span> <span class='ocrx_word' id='word_1_424' title='bbox 304 4499 342 4552; x_wconf 90' lang='grc' dir='ltr'><strong>Μ.</strong></span> <span class='ocrx_word' id='word_1_425' title='bbox 374 4531 410 4544; x_wconf 89' lang='lat'><strong>--</strong></span> <span class='ocrx_word' id='word_1_426' title='bbox 442 4502 492 4570; x_wconf 81' lang='lat'><strong>1⁶)</strong></span> <span class='ocrx_word' id='word_1_427' title='bbox 510 4511 579 4556; x_wconf 72' lang='lat' dir='ltr'><strong>obad</strong></span> <span class='ocrx_word' id='word_1_428' title='bbox 596 4505 672 4558; x_wconf 86' lang='lat' dir='ltr'><strong>deest</strong></span> <span class='ocrx_word' id='word_1_429' title='bbox 688 4522 731 4576; x_wconf 89' lang='lat' dir='ltr'><strong>ap.</strong></span> <span class='ocrx_word' id='word_1_430' title='bbox 749 4507 787 4560; x_wconf 91' lang='lat' dir='ltr'><strong>M.</strong></span> <span class='ocrx_word' id='word_1_431' title='bbox 812 4535 849 4548; x_wconf 83' lang='lat'>-</span> <span class='ocrx_word' id='word_1_432' title='bbox 882 4505 931 4572; x_wconf 73' lang='grc' dir='ltr'><strong>Η)</strong></span> <span class='ocrx_word' id='word_1_433' title='bbox 948 4512 1045 4558; x_wconf 79' lang='lat' dir='ltr'><strong>cataroe</strong></span> <span class='ocrx_word' id='word_1_434' title='bbox 1061 4524 1123 4560; x_wconf 78' lang='lat' dir='ltr'><strong>roae</strong></span> <span class='ocrx_word' id='word_1_435' title='bbox 1139 4509 1229 4560; x_wconf 91' lang='lat' dir='ltr'><strong>M.-</strong></span> 
     </span>
    </p>
   </div>
   <div class='ocr_carea' id='block_1_7' title="bbox 78 4564 1228 4694">
    <p class='ocr_par' dir='ltr' id='par_1_7' title="bbox 78 4564 1228 4694">
     <span class='ocr_line' id='line_1_50' title="bbox 78 4564 1228 4694; baseline 0.028 -76"><span class='ocrx_word' id='word_1_436' title='bbox 78 4564 295 4690; x_wconf 64' lang='lat' dir='ltr'><strong>‚1⁸)poeaoblta</strong></span> <span class='ocrx_word' id='word_1_437' title='bbox 312 4585 363 4694; x_wconf 68' lang='lat' dir='ltr'><strong>opp</strong></span> <span class='ocrx_word' id='word_1_438' title='bbox 381 4569 408 4624; x_wconf 88' lang='lat' dir='ltr'><strong>in</strong></span> <span class='ocrx_word' id='word_1_439' title='bbox 426 4587 462 4626; x_wconf 88' lang='lat' dir='ltr'><strong>m.</strong></span> <span class='ocrx_word' id='word_1_440' title='bbox 478 4573 515 4626; x_wconf 90' lang='lat' dir='ltr'><strong>M.</strong></span> <span class='ocrx_word' id='word_1_441' title='bbox 542 4599 578 4616; x_wconf 88' lang='lat'><strong>-··</strong></span> <span class='ocrx_word' id='word_1_442' title='bbox 606 4574 939 4644; x_wconf 73' lang='lat' dir='ltr'><strong>1⁰)noaaoaoraminm·</strong></span> <span class='ocrx_word' id='word_1_443' title='bbox 956 4573 993 4627; x_wconf 83' lang='grc' dir='ltr'><strong>Μ·</strong></span> <span class='ocrx_word' id='word_1_444' title='bbox 1019 4603 1055 4616; x_wconf 68' lang='lat'><strong>⁶·</strong></span> <span class='ocrx_word' id='word_1_445' title='bbox 1084 4577 1135 4647; x_wconf 84' lang='lat'><strong>²⁰)</strong></span> <span class='ocrx_word' id='word_1_446' title='bbox 1152 4587 1228 4632; x_wconf 56' lang='grc' dir='ltr'><strong>Μ·</strong></span> 
     </span>
     <span class='ocr_line' id='line_1_51' title="bbox 149 4653 992 4694; baseline 0.028 -4"><span class='ocrx_word' id='word_1_447' title='bbox 149 4653 310 4694; x_wconf 82' lang='lat' dir='ltr'><strong>roarnm.</strong></span> <span class='ocrx_word' id='word_1_448' title='bbox 358 4669 434 4694; x_wconf 92' lang='lat'><strong>.-</strong></span> <span class='ocrx_word' id='word_1_449' title='bbox 508 4674 511 4683; x_wconf 93' lang='lat'>·</span> <span class='ocrx_word' id='word_1_450' title='bbox 990 4675 992 4685; x_wconf 56' lang='lat'><em>¹</em></span> 
     </span>
    </p>
   </div>
   <div class='ocr_carea' id='block_1_8' title="bbox 0 0 1442 5036">
    <p class='ocr_par' dir='ltr' id='par_1_8' title="bbox 0 0 1442 5036">
     <span class='ocr_line' id='line_1_52' title="bbox 0 0 1442 5036; baseline 0 0"><span class='ocrx_word' id='word_1_451' title='bbox 0 0 1442 5036; x_wconf 95' lang='lat' dir='ltr'><strong> </strong></span> 
     </span>
    </p>
   </div>
  </div>
 </body>
</html>
