2864 5042
199 259 265 326 m
357 318 370 337 ,
426 251 635 320 CANONES
654 251 819 320 sunum
839 249 1122 322 tumuerunt

202 431 314 496 mut
341 425 384 491 sd
412 425 511 492 virum
540 425 586 490 ire
612 441 763 508 pervemo
792 423 899 490 ordine
924 423 1105 504 consensit,
1136 440 1199 488 nee
1227 423 1377 505 propin-

203 531 331 599 quorum
354 531 417 578 nee
436 511 634 576 mondoum
656 507 835 574 testimonio
855 520 1027 592 conrogato
1049 510 1129 572 tales
1150 509 1194 572 ad
1208 510 1374 572 velamen

201 596 566 665 solemnitatieordinem
586 604 678 662 msto
698 595 817 677 pudore
837 603 1012 676 tenuentur,
1033 595 1092 660 sed
1111 605 1221 658 contra
1235 597 1374 658 veteris

202 685 384 752 tsstsmmti
400 682 432 761 ¹)
460 690 662 764 praeceptum
687 681 830 746 teceruru
856 699 935 762 quas
956 682 1009 746 lex
1028 677 1158 762 lapidari
1178 679 1370 760 praecepit,

203 781 238 838 st
251 785 333 838 susc
346 777 498 834 curate
511 768 565 834 ius
577 765 716 832 vindicta
735 766 935 847 spiritualiter
955 766 1103 830 feduuurr
1123 773 1161 828 ut
1181 767 1369 830 ecclesiam

203 869 351 940 mquam
372 853 484 918 mortui
504 853 629 918 necue
642 871 705 916 nou
721 853 852 932 possint
878 851 1124 918 nannetense
1139 849 1371 931 poenitentiae

204 943 349 1028 :genus
377 941 496 1018 locum,
522 937 583 1002 sed
609 938 673 1002 cito
700 953 762 1000 non
788 937 907 1002 lraberu
935 937 1078 1016 veniam
1110 937 1262 1017 quoniam
1276 935 1368 1014 ²)si

204 1027 376 1094 nandum
398 1026 505 1120 legem
524 1023 751 1104 proclamasset
768 1023 873 1104 puella
893 1029 928 1086 et
948 1022 1002 1086 diu
1023 1029 1266 1087 contestatorie
1280 1037 1368 1085 eon-

205 1115 371 1192 tinuisset,
396 1120 504 1191 utrque
530 1109 645 1173 linisset
671 1109 814 1172 immunis
836 1127 855 1173 a
876 1109 977 1191 eulpa
1020 1107 1167 1189 Utrisque
1195 1126 1275 1190 ergo
1294 1127 1360 1168 ex-

205 1197 292 1283 pedit
312 1197 371 1262 sub
393 1194 504 1262 οιιᾱοιιι
526 1195 675 1276 temporis
693 1195 918 1260 mnsurntione
933 1213 953 1256 a
967 1194 1183 1256 communione
1203 1193 1364 1274 suspendi

204 1285 393 1382 dignamque
414 1300 510 1430 apere
531 1281 771 1362 poenitentiam,
792 1279 885 1360 fletu,
914 1279 1104 1360 humilitate,
1128 1275 1273 1360 jejunio,
1302 1277 1367 1340 mi-

204 1369 373 1435 sericordia
393 1389 425 1432 re
448 1363 543 1430 imere
566 1366 681 1428 crimen
703 1363 883 1430 admissum.
961 1391 970 1402 =

386 1487 436 1550 111.
480 1486 530 1549 De
552 1488 705 1550 castitate
727 1493 760 1548 et
779 1483 939 1548 munditie
960 1483 1169 1546 secerdotum.

287 1573 330 1636 Et
355 1570 420 1652 jam
449 1573 575 1652 quidem
609 1572 786 1656 frequenter
820 1569 860 1632 de
889 1570 1003 1632 talibus
1029 1588 1132 1632 sermo
1161 1578 1276 1636 noster
1307 1590 1363 1652 per

204 1659 310 1741 plures
327 1659 467 1720 manavit
486 1657 658 1740 ecclesias,
682 1658 817 1720 maxime
838 1654 878 1718 de
897 1655 1115 1719 sacerdotibus
1135 1672 1270 1737 quorum
1293 1677 1363 1720 me-

204 1746 296 1812 ritum
317 1743 418 1828 exigit
438 1751 475 1806 ut
495 1741 642 1804 bonorum
670 1760 796 1822 operum
822 1759 946 1804 suorum
978 1742 1041 1806 sint
1067 1739 1212 1822 plebibus
1241 1742 1360 1816 forma3

205 1830 263 1896 sed
285 1839 433 1912 qnantum
455 1828 610 1910 intelligo,
632 1846 705 1892 oum
725 1827 878 1907 scriptiua
897 1827 1001 1891 dicat:
1031 1825 1174 1909 Loquere
1196 1827 1246 1888 ad
1266 1848 1361 1890 nores

207 1917 423 1992 medicatione,
449 1913 631 1976 instruendo
657 1931 750 1976 aures
774 1911 980 1976 infundemus.
1020 1911 1103 1974 Dum
1123 1930 1225 1996 saepe
1249 1913 1359 1975 eaden

205 2011 388 2082 repetuntur
413 2019 494 2082 quae
522 1997 683 2083 neglectui
708 1999 861 2062 habentur
882 2017 902 2060 a
921 1995 1070 2080 singulis,
1099 2016 1176 2059 vere
1197 1997 1265 2062 hoc
1286 1997 1358 2060 illud

205 2095 258 2152 est
279 2086 361 2167 quod
382 2085 498 2148 dictum
521 2095 589 2166 est,
613 2085 735 2148 adulter
759 2103 873 2163 sexus,
899 2103 1020 2166 semper
1040 2082 1199 2145 discentes
1220 2091 1257 2146 et
1279 2104 1357 2146 nuo-

206 2191 300 2254 quarn
322 2173 366 2234 ad
385 2172 555 2232 scientiam
576 2173 725 2233 ueritatis
739 2172 961 2252 pervenientes
973 2166 1026 2252 ⁸);
1045 2167 1172 2252 quando
1191 2170 1280 2231 enim
1299 2189 1356 2232 non

205 2263 350 2320 servatur
368 2255 450 2336 quod
473 2256 654 2316 admonetur
674 2255 801 2336 utiliter,
823 2265 897 2318 tunc
916 2253 1088 2336 apostolica
1102 2252 1254 2317 mandata
1268 2251 1355 2337 quasi

205 2333 315 2424 ignota
334 2347 581 2418 contemnuntur,
597 2337 750 2418 judicium
771 2348 876 2404 tamen
896 2337 937 2401 de
956 2337 1016 2420 his,
1031 2357 1112 2421 quae
1134 2341 1352 2402 commiserunt

205 2445 268 2488 non
299 2433 407 2506 potest
438 2424 599 2487 immutari.
653 2421 687 2486 ld
701 2423 737 2502 ⁴)
765 2424 863 2503 primo
896 2424 926 2484 in
959 2424 1027 2488 loco
1053 2432 1208 2486 statutum
1236 2433 1284 2486 eet
1311 2425 1351 2484 de

206 2509 379 2593 episcopis,
399 2511 591 2593 presbyteris
611 2519 646 2573 et
666 2508 857 2591 diaconibus,
878 2528 957 2592 quos
979 2509 1141 2573 sacrificiis
1159 2507 1273 2572 divinis
1283 2528 1347 2570 ne-

207 2617 302 2661 cesse
327 2606 379 2660 est
407 2597 578 2675 interesse,
604 2615 662 2677 per
688 2614 817 2676 quorum
843 2614 953 2659 manus
980 2603 1013 2656 et
1033 2596 1136 2678 gratia
1155 2593 1354 2676 baptismatis

206 2683 335 2746 traditur
356 2691 389 2744 et
409 2700 523 2762 corpus
544 2680 660 2745 Christi
682 2680 857 2762 conficitur,
884 2699 965 2762 quos
991 2699 1054 2741 non
1081 2681 1181 2742 solum
1208 2700 1271 2742 nos
1300 2677 1354 2742 sed

207 2779 242 2832 et
262 2771 415 2850 scriptura
432 2767 540 2829 'divina
561 2766 719 2846 compellit
740 2784 813 2828 esse
835 2766 1043 2845 castissimos,
1062 2774 1094 2826 et
1109 2776 1215 2845 patres
1229 2783 1356 2848 quoque

203 2853 365 2934 jusserunt
386 2851 607 2915 continentiam
629 2870 686 2912 eos
707 2851 896 2930 corporalem
918 2869 1045 2913 servare
1065 2851 1188 2913 debere.
1221 2849 1296 2942 Qua
1317 2852 1357 2914 de

203 2955 240 3020 re
261 2948 578 3020 conpraetereamus
598 2936 657 2998 sed
677 2937 820 2999 dicamus
841 2945 876 2998 et
895 2953 1042 3017 causam3
1062 2953 1124 3016 quo
1139 2935 1222 2998 enim
1236 2937 1356 3017 pudore

204 3024 320 3087 viduae
352 3035 407 3087 aut
434 3025 548 3106 virgini
576 3041 673 3085 ausus
700 3031 752 3085 est
773 3023 942 3102 episcopus
962 3021 1014 3084 vel
1035 3021 1200 3104 presbyter
1220 3022 1358 3104 integri·

203 3116 306 3169 tatem
332 3109 385 3168 vel
412 3109 634 3169 continentiam
664 3107 845 3187 praedicare
875 3107 927 3168 vel
953 3107 1088 3168 suadere
1108 3114 1232 3170 castum
1253 3109 1358 3170 cubile
1403 3125 1404 3170 ξ

202 3207 351 3269 servare,
383 3192 412 3252 si
441 3192 510 3270 ipse
542 3192 671 3252 saeculo
702 3193 805 3272 magis
834 3192 946 3254 institit
974 3191 1055 3254 filios
1081 3210 1234 3274 generare
1261 3212 1357 3275 quarn
1403 3205 1404 3268 l

202 3271 294 3340 nect
326 3275 445 3357 Adam,
472 3275 527 3356 qui
552 3283 754 3356 praeceptum
775 3278 1015 3356 conservavit,
1044 3276 1169 3358 ejectus
1189 3278 1276 3342 foras
1295 3298 1357 3360 pa·
1403 3283 1404 3306 ¹

203 3362 340 3428 norisne
354 3363 458 3425 caruit
478 3379 586 3445 regno,
609 3369 643 3422 et
662 3358 942 3441 praevaricatorem
962 3371 1057 3442 putas
1076 3380 1173 3444 posse
1193 3362 1235 3424 ad
1255 3382 1357 3447 regna
1403 3375 1404 3406 i

204 3450 360 3514 coelorum
382 3441 574 3530 perveniret
602 3449 641 3508 ub
663 3465 756 3528 quam
777 3465 841 3507 rem
861 3447 980 3524 Paulus
1000 3446 1094 3512 dicit:
1121 3447 1181 3509 Vos
1194 3449 1270 3528 jam
1292 3470 1356 3512 non
1403 3477 1404 3519 3

205 3537 283 3598 estis
304 3537 340 3596 ln
362 3555 458 3596 come
478 3533 536 3595 sed
555 3535 591 3594 in
611 3534 729 3614 spiritu
744 3529 798 3613 ὅ);
820 3533 966 3594 etitem:
993 3533 1039 3594 Bt
1061 3535 1115 3615 qui
1136 3532 1254 3594 babent
1275 3555 1355 3595 raro-

202 3640 254 3682 rea
267 3613 325 3684 ,it'a
346 3621 413 3681 sr'nt
435 3619 527 3701 quari
546 3635 610 3680 aon
632 3617 771 3678 babeant
784 3616 827 3695 ο).
869 3619 920 3680 An
949 3618 1002 3699 qui
1030 3619 1177 3698 populum
1204 3618 1354 3700 hortatur,

202 3705 310 3768 levitis
329 3713 363 3766 et
389 3703 607 3768 sacerdotibus
632 3701 792 3764 blandiens
820 3701 975 3764 licentiam
997 3705 1269 3783 praeberetopus
1292 3725 1354 3764 ex·

100 3785 106 3792 ⁴
203 3789 310 3855 hibere
337 3789 480 3868 carnale,
518 3788 601 3851 idem
627 3789 697 3866 ipse
719 3786 847 3850 dicens:
875 3787 922 3854 Et
943 3789 1050 3851 carnis
1072 3808 1179 3852 curum
1201 3808 1242 3850 ne
1262 3791 1351 3869 feee-

201 3875 277 3935 ritr'a
297 3876 334 3934 ia
354 3874 617 3956 concupiscentiis
632 3871 687 3952 ⁷),
714 3880 749 3934 et
768 3871 856 3934 alibi:
894 3872 1008 3935 Vellem
1036 3881 1142 3934 eutem
1170 3892 1277 3936 omnes
1306 3877 1352 3936 sic

201 3974 270 4021 esee
290 3960 375 4019 utut
395 3962 547 4040 meipsum
559 3951 620 4034 tl?
648 3955 710 4034 Qui
730 3958 840 4019 militat
854 3958 990 4037 Christo,
1011 3958 1063 4040 qui
1082 3955 1115 4018 in
1135 3957 1214 4018 sede
1234 3958 1353 4020 residet

202 4043 361 4126 magistri,
391 4046 444 4126 qui
473 4039 600 4105 militiae
631 4040 823 4123 disciplinam
851 4061 912 4122 non
939 4051 1046 4123 potest
1074 4037 1261 4106 custodire?
1303 4045 1351 4104 De

129 4145 131 4152 ’
200 4126 252 4195 bis
280 4129 384 4209 itaque
414 4127 511 4190 tribus
541 4127 703 4208 gradibus,
732 4147 812 4208 quos
837 4125 972 4210 legimus
991 4128 1024 4190 in
1044 4127 1221 4208 scripturis,
1250 4130 1350 4191 ami-

200 4213 307 4280 nistris
328 4214 379 4278 dei
400 4214 549 4276 munditie
570 4221 739 4294 praecepta
761 4223 813 4276 est
832 4214 1006 4294 observari,
1035 4213 1147 4294 quibua
1173 4215 1350 4277 necessitas

244 4429 271 4492 ¹)
289 4431 397 4484 Denter.
415 4436 465 4497 22,
482 4433 526 4484 et.
567 4463 603 4476 -
649 4439 679 4502 ι)
702 4437 775 4488 Haec
791 4442 825 4490 ⁴ot
846 4434 948 4500 relique
970 4435 1059 4502 lrujrr¹
1073 4436 1181 4492 moenia
1204 4437 1299 4492 desum
1319 4435 1345 4488 in

266 4499 419 4553 collectione
436 4503 572 4566 Andagav.
601 4529 638 4540 -
673 4505 703 4571 ³)
719 4508 738 4556 2
755 4505 825 4560 Tim.
869 4505 921 4567 ,7.
947 4533 984 4546 —-
1019 4505 1048 4572 ⁴)
1065 4510 1106 4561 lta
1123 4507 1249 4570 Laland.;
1268 4513 1299 4558 le
1315 4514 1345 4556 its

266 4575 439 4620 amictibus
454 4571 552 4633 Sirim,
569 4586 599 4623 ec
617 4580 649 4622 ds
662 4583 835 4629 strennua
876 4573 919 4625 ud.
937 4575 970 4626 R.
1004 4599 1040 4613 ·-
1081 4575 1249 4642 Mum-81,
1268 4575 1344 4627 9.-

143 4673 146 4684 ι
238 4634 268 4699 ⁸)
287 4636 299 4685 Ι
319 4635 383 4688 cors
399 4639 431 4699 7,
450 4639 493 4690 ²⁹·
527 4667 563 4678 ““
606 4646 637 4705 η
652 4639 728 4694 κθ..
747 4643 858 4706 lapus
890 4669 926 4684 ''¹''
969 4642 997 4708 ⁸)
1017 4647 1037 4696 ¹¹
1051 4644 1114 4697 cors
1132 4647 1167 4709 ⁷,
1184 4645 1210 4696 7ο
1245 4671 1280 4698 ’Τ
