2858 5036
190 267 235 336 ee
491 219 1044 346 communicaturum

88 503 91 510 r
188 435 300 508 truria·
329 449 403 504 oum
426 435 495 504 ιιιὶι
509 433 683 518 episeopis
710 451 879 520 eorumque
905 433 1064 517 parochiis
1089 431 1183 516 juata
1208 433 1349 515 priorum

193 540 348 588 canonum
382 520 559 586 sententias
594 522 635 584 a'd
661 539 774 584 nemen
804 522 985 602 provinciae
1014 529 1048 582 et
1072 521 1348 601 metropolitana-

195 609 278 672 benc
298 607 408 672 sedern
428 607 593 672 reduceret
613 614 646 669 et
666 614 863 670 restauraret.
909 607 973 669 llis
991 623 1069 688 ergo
1086 605 1179 686 juxta
1198 605 1348 668 earndern

149 697 159 712 ⁸
194 693 332 774 mpetum
358 693 487 756 decreto
514 691 666 774 synodico
688 689 801 771 judicii
825 691 956 754 mumma
983 700 1018 754 et
1041 709 1122 752 rere
1145 691 1348 754 clementiae

196 777 427 847 confirmatione
447 777 590 846 adhunc
610 773 804 859 metropolim
823 775 978 859 reductis,
999 776 1072 839 dum
1092 776 1264 838 miserante
1284 775 1349 838 do-

195 865 279 934 mino
307 860 455 944 principis
480 860 572 942 jusru
592 861 624 924 in
644 880 739 924 unum
758 860 800 923 ad
819 871 963 926 sanctum
984 861 1244 924 convenissemus
1264 880 1351 923 con-

107 965 110 971 '
196 948 318 1028 cilium,
351 965 434 1010 unus
465 946 507 1010 de
542 945 581 1008 iis
615 946 712 1012 Soloe
729 945 762 1026 ¹)
792 946 915 1010 nomine
944 955 1077 1010 sanotae
1092 946 1297 1030 ·Egiditarrae
1311 947 1351 1024 ²)

197 1033 368 1113 opiscopus
396 1031 553 1095 eeclesiae
579 1030 787 1112 interpellavit
814 1041 957 1094 sanctam
983 1031 1138 1114 synodum
1149 1077 1160 1113 ,
1194 1047 1234 1092 ec
1260 1032 1351 1112 quod

196 1117 312 1185 Justns
328 1113 609 1182 Salamantioensis
630 1117 788 1179 ecelesiae
808 1118 978 1200 episcopus
999 1117 1137 1179 debiturn
1158 1116 1200 1178 illi
1220 1125 1351 1179 teneret

197 1203 385 1285 dioecesim,
415 1203 477 1266 boe
503 1201 585 1264 enirn
614 1202 719 1266 etiam,
740 1197 891 1283 adjiciens
898 1247 920 1282 ,.
937 1210 973 1264 ut
1000 1201 1041 1264 de
1068 1221 1107 1264 ee
1134 1201 1165 1264 id
1193 1201 1278 1264 unde
1306 1203 1349 1265 ad

197 1285 382 1356 Gallaeciee
409 1287 602 1367 metropolim
630 1285 787 1350 dioecesis
800 1285 835 1365 ⁸)
862 1305 940 1350 suae
966 1288 1068 1350 fuerat
1088 1305 1273 1369 possessum
1296 1288 1351 1350 ille

197 1370 370 1453 reciperet,
399 1374 543 1452 quamvis
570 1371 665 1453 longa
690 1379 764 1451 post
788 1379 947 1454 tempora,
976 1391 1058 1454 qnae
1077 1365 1245 1453 parochiale
1265 1391 1351 1436 suae

197 1457 323 1520 furerent
343 1456 457 1522 debito.
487 1454 555 1520 Sed
575 1457 648 1538 quia
668 1456 861 1538 antiquorum
881 1476 1034 1521 canonum
1044 1454 1080 1536 ⁴)
1099 1465 1172 1521 suat
1191 1457 1351 1540 instituta,

158 1549 164 1556 “
198 1549 235 1604 ut
264 1537 293 1604 si
322 1541 355 1604 in
370 1539 404 1619 ⁵)
436 1559 499 1604 una
529 1541 690 1621 provincia
722 1539 864 1624 quisquis
879 1540 913 1621 ο)
946 1545 1115 1624 episcopus
1146 1537 1186 1602 de
1217 1543 1352 1606 alterius

199 1624 340 1693 dioecesi
359 1633 483 1726 partem
501 1627 634 1708 aliquam
650 1639 711 1705 'per
731 1625 860 1708 triginta
880 1647 979 1691 annos
999 1627 1191 1709 possederit,
1220 1629 1354 1711 quietus

129 1749 132 1760 ·
199 1717 326 1793 teneat,
356 1717 475 1796 justum
497 1711 725 1792 ⁴perspeximus
759 1720 794 1773 ut
822 1712 895 1794 quis
922 1733 983 1776 nec
1012 1714 1063 1782 ille
1089 1713 1218 1796 triginta
1247 1731 1352 1782 annos

128 1832 132 1846 ι
200 1795 305 1860 adhue
324 1797 420 1858 habet
442 1814 503 1880 qno
526 1794 565 1857 ad
587 1793 679 1875 hujus
700 1796 878 1880 prouinciae
902 1794 1095 1881 metropolim
1116 1796 1264 1882 reductus
1286 1809 1351 1880 est,

163 1877 171 1888 ”
201 1888 236 1944 et
272 1882 324 1942 ille
356 1878 439 1964 qnod
473 1882 622 1964 perlongo
657 1889 808 1961 tempore
832 1901 893 1945 non
926 1882 1069 1963 possedit
1084 1882 1117 1963 ⁷)
1145 1881 1279 1964 recepit,
1317 1895 1353 1948 et

198 1967 350 2049 tringinta
370 1965 473 2029 adbuc
493 1985 554 2029 non
576 1973 649 2028 sunt
670 1967 701 2028 in
721 1967 783 2028 hoc
803 1967 845 2028 illi
861 1967 983 2049 impleti
1004 1970 1092 2049 anni,
1119 1969 1203 2030 sient
1220 1970 1277 2029 ille
1309 1971 1352 2033 ad

200 2051 338 2113 debitam
366 2050 535 2114 dioecesim
562 2049 670 2136 rediit,
699 2051 745 2113 ita
773 2060 807 2113 et
826 2053 879 2115 hic
901 2055 953 2135 qui
973 2055 1078 2136 pulsat
1097 2049 1267 2116 dioecesim
1288 2057 1353 2118 sibi

199 2133 336 2198 debitam
365 2136 525 2198 ordinante
553 2138 788 2215 metropolitano
815 2156 885 2200 cunr
914 2140 981 2200 suis
1007 2139 1150 2203 fratribus
1176 2159 1351 2220 persuum

198 2218 342 2300 sajonem
368 2221 517 2302 recipiat3
552 2221 598 2282 ita
624 2229 750 2303 tamen,
785 2230 820 2282 ut
848 2223 888 2285 de
914 2227 1094 2306 praesentia
1119 2226 1351 2305 metropolitani

114 2354 117 2360 .
200 2305 397 2387 inspectores
423 2303 595 2386 dirigantur
620 2307 672 2385 qui
700 2325 757 2390 per
783 2304 941 2372 evidentia
961 2308 1241 2392 signu'dioeceses
1261 2311 1350 2390 ipsas

201 2389 414 2476 conspiciant,
446 2397 479 2450 et
505 2387 720 2473 unusquisque
746 2391 828 2471 quod
855 2393 898 2453 illi
924 2391 1060 2460 debitum
1089 2403 1139 2458 est
1160 2395 1294 2476 accipiat
1317 2407 1352 2461 et

199 2475 340 2540 lrabeat:
367 2476 467 2540 Pacta
494 2493 570 2535 uero
598 2493 678 2555 quae
701 2473 793 2556 juxta
815 2479 997 2541 canonicam
1018 2483 1157 2563 regulam
1179 2482 1258 2540 inter
1279 2481 1353 2562 epi-

28 2569 33 2576 “
146 2616 150 2624 ,
201 2577 318 2642 scopos
338 2579 395 2643 per
414 2558 577 2640 pacificam
599 2558 851 2626 deliberationem
869 2561 1045 2644 justissime
1065 2565 1177 2628 fuerint
1198 2565 1291 2647 facta,
1320 2570 1352 2634 in

160 2655 162 2658 ’
202 2645 345 2710 omnibus
366 2646 471 2726 placet
493 2663 567 2707 esse
589 2644 753 2710 servanda.
795 2644 945 2712 Omnibus
965 2669 1040 2718 vero
1061 2651 1221 2734 episcopis
1243 2651 1273 2712 id
1300 2653 1354 2716 in-

203 2732 343 2793 stituitur
357 2730 390 2810 8)
417 2749 491 2792 esse
518 2731 722 2810 servandum,
752 2739 787 2791 ut
813 2734 993 2816 parochiam
1020 2754 1109 2798 suurn
1136 2735 1217 2800 bene
1238 2746 1354 2798 custo-

204 2815 292 2880 diant
312 2832 373 2875 nec
395 2832 414 2874 a
436 2814 573 2893 quolibet
593 2815 685 2876 iletre
707 2833 775 2886 eam
798 2819 939 2898 usurpari
960 2822 1159 2900 permittant:
1190 2821 1302 2902 quibus
1327 2826 1354 2890 si

205 2897 385 2963 tricennalis
406 2915 552 2964 uumems
573 2913 629 2978 per
648 2899 840 2964 uoluntatem
868 2911 922 2968 aut
952 2906 1179 2994 negligentiam
1205 2924 1355 2980 occurre-

202 2983 261 3066 rit,
286 2981 482 3046 nullomodo
504 2981 661 3048 reddenda
684 2985 752 3058 erit.

119 3174 126 3184 ·
211 3135 280 3198 IX.
314 3134 401 3212 Quid
414 3135 580 3216 presbyter
601 3135 765 3224 obseruare
776 3137 906 3199 -dedect'
921 3139 977 3220 prii
990 3139 1185 3222 presbyteria
1198 3143 1336 3228 jubetur

573 3220 659 3282 dare*
670 3229 814 3283 sanetum
834 3223 981 3286 ιΙιιίιιιια.

289 3321 493 3391 Conveniens
512 3321 545 3388 in
567 3325 709 3394 omnibus
730 3322 821 3387 nobis
843 3325 925 3386 haee
945 3315 1051 3390 manet
1072 3329 1244 3412 sententia,
1271 3351 1354 3414 quae

205 3406 301 3491 digne
316 3408 350 3487 ⁹)
378 3407 579 3472 custodiatur*
595 3408 627 3471 in
653 3419 759 3476 nostra
786 3411 954 3489 provincia.
1000 3412 1125 3475 Placuit
1151 3423 1185 3476 ut
1212 3414 1355 3498 quisquis

204 3493 245 3576 ab
268 3494 417 3576 episcopo
439 3503 583 3558 sanctum
604 3496 635 3562 in
657 3505 815 3577 potestate
836 3495 1029 3578 presbyteris
1050 3497 1091 3558 ad
1109 3489 1354 3564 distribuendum

205 3585 348 3659 tempore
374 3589 546 3660 opportuno
576 3583 735 3662 acceperit
756 3579 916 3660 ¹chrisma,
954 3581 1029 3644 nihil
1063 3585 1102 3644 ab
1136 3584 1175 3650 iis
1210 3587 1354 3652 beneficii

206 3683 304 3731 causa
326 3663 434 3726 tollere
456 3675 511 3728 aut
532 3676 640 3747 petere
660 3672 848 3747 praesumat.
881 3664 1028 3728 Similiter
1049 3666 1146 3747 et¹⁰J
1168 3674 1353 3754 presbyteri,

151 3779 154 3784 ·
205 3751 259 3830 qui
272 3758 417 3814 sanctum
432 3750 483 3813 dei
496 3753 652 3833 baptisma
665 3749 834 3812 infantibus
851 3748 986 3830 tradunt,
1006 3751 1079 3812 nihil
1099 3771 1154 3832 pro
1177 3756 1230 3818 tali
1251 3757 1353 3839 gratia

206 3835 428 3918 aparentibus
450 3840 555 3902 eorum
577 3835 923 3918 auferrepraesumant.
966 3833 1058 3916 Quod
1085 3837 1113 3902 si
1141 3839 1211 3921 quis
1240 3843 1354 3926 aliquid

207 3917 300 3981 offert
317 3918 371 3999 ¹¹]
399 3922 591 4001 perbonam
617 3919 828 3998 voluntatem,
858 3917 1100 4000 accipiatur12)
1133 3934 1247 4009 grate,
1282 3929 1353 3990 nihil

205 4012 330 4087 tamen,
359 4013 395 4066 ut
422 4005 571 4088 diximus,
600 4003 756 4067 auferatur
783 4021 979 4085 quacumque
1008 4002 1185 4074 occasione,
1226 4011 1354 4100 Siquis

206 4091 384 4156 sententiae
421 4086 516 4172 hujus
549 4088 685 4154 ordinem
715 4101 778 4156 uon
806 4089 990 4155 custodierit
1019 4108 1152 4176 eamque
1179 4098 1354 4187 transgredi

181 4255 183 4260 ·
204 4249 400 4269 m

250 4342 279 4409 ι)
299 4346 375 4391 nelca
391 4337 429 4392 Μ.
456 4362 499 4390 -ι
527 4336 557 4407 ²)
574 4347 718 4406 Ipeuttnnoe
734 4339 772 4392 Μ.
801 4347 837 4384 -’-
854 4343 896 4411 ,3)
914 4351 1024 4402 dioecesi
1040 4347 1078 4400 Μ.
1106 4371 1142 4388 -·
1167 4343 1202 4412 ‚⁴)
1221 4345 1254 4400 cf.
1273 4346 1353 4401 Cone.

278 4408 354 4475 Hisp.
367 4409 398 4460 ΙΙ.
416 4423 438 4489 c.
451 4409 477 4460 2.
520 4433 556 4448 -
600 4409 632 4476 ⁴⁵)
650 4419 676 4461 tn
688 4409 768 4474 deest
785 4426 827 4480 ap.
845 4411 898 4478 Μ.,
921 4415 968 4466 sed
985 4413 1152 4473 derideretur
1168 4414 1286 4482 abipso.
1319 4442 1353 4456 -

164 4511 169 4522 -
249 4477 279 4544 θ)
297 4485 399 4538 cuteque
415 4493 494 4558 unm.
512 4475 548 4532 Μ.
584 4504 620 4518 ···
669 4477 697 4545 ⁵¹)
714 4489 809 4542 recepit
825 4483 853 4534 in
872 4499 907 4534 nr.
923 4485 962 4537 Μ.
1001 4511 1038 4526 -
1088 4489 1117 4553 ὓ)
1135 4493 1274 4538 institutum
1290 4483 1353 4538 ibid.

250 4545 394 4611 ⁸)‚delnda
414 4547 478 4600 rlnd.
529 4573 566 4614 -q
622 4547 672 4618 1⁰)
696 4558 722 4606 et
745 4550 933 4622 deerrarunt.
984 4581 1020 4596 -··
1051 4556 1126 4627 ⁴11)
1145 4557 1286 4624 offerutM·
1321 4584 1353 4598 -

231 4615 282 4688 Η)
300 4624 405 4685 accim!
421 4617 458 4674 Mt
493 4646 528 4660 '⁸¹
823 4609 828 4625 x
1166 4638 1171 4644 ι
