2868 5040
193 244 266 340 'raa
456 251 699 340 conomius
719 255 1037 339 rmnuscnnun
1059 261 1096 338 n.

201 459 274 504 eum
295 441 397 526 gratia
418 443 650 510 misericordiae
671 443 841 528 diiinae¹J
862 448 1069 530 praevenerit.
1106 444 1198 509 Unde
1221 451 1256 508 et
1272 443 1359 508 Abel

192 526 287 610 'justo
309 535 342 592 ct
355 523 428 594 Noe
447 540 480 595 et
494 533 641 600 Abrahae
662 536 696 596 et
716 533 809 596 isaac
830 541 863 596 et
876 533 980 597 Jacob
1000 541 1034 596 et
1054 533 1137 595 omni
1158 532 1359 613 antiquorum

195 616 323 760 patrum
338 613 373 698 ¹)
393 616 579 681 multitudini
599 617 683 682 iliam
702 619 893 701 praeclaram
914 619 1026 701 fldem,
1047 637 1140 702 quam
1160 616 1193 680 in
1215 619 1357 700 ipsorum

213 695 294 762 aude
309 693 344 782 8)
370 701 532 782 praedicat
559 705 723 788 apostolus
752 703 886 788 Patrius,
914 719 979 768 non
1005 723 1063 788 per
1090 707 1203 768 bonurn
1225 711 1358 766 naturae

193 782 286 867 “qnod
306 785 392 868 prius
412 788 445 851 in
465 789 567 853 Adam
594 787 702 854 datum
726 789 845 871 iuerat,
873 791 932 854 sed
960 810 1017 873 per
1043 791 1175 875 gratiam
1202 789 1257 852 dei
1282 801 1357 852 cre·-

201 867 303 935 dimus
320 873 419 937 finisse
437 877 592 940 collatam.
626 875 728 954 Quam
747 879 880 961 gratiam
900 877 996 939 etiam
1036 885 1088 940 ost
1104 877 1276 940 adventurn
1295 874 1357 936 do-

196 957 275 1022 'rnini
286 961 428 1023 omnibus
438 963 490 1043 qui
500 959 653 1043 baptizari
664 961 853 1043 desiderant,
864 981 926 1025 non
938 959 971 1025 in
986 963 1007 1024 h
1031 983 1083 1024 ero
1100 962 1224 1026 arbitrio
1236 962 1356 1042 haberi,

197 1041 261 1107 ‘sed
283 1044 401 1110 Christi
428 1049 573 1112 novimus
600 1049 691 1112 simui
717 1057 752 1112 at
773 1046 928 1112 eredimus
952 1047 1100 1132 largitate
1121 1048 1272 1129 consciri,
1298 1065 1357 1109 se-

197 1129 339 1193 cundum
371 1128 446 1195 illud
474 1130 556 1216 quod
585 1152 683 1216 saepe
708 1131 773 1214 jarn
800 1135 916 1198 dietum
944 1144 995 1209 est
1027 1141 1061 1198 et
1088 1132 1172 1215 quod
1192 1132 1358 1214 praedicat

194 1206 320 1281 'Paulus
335 1218 512 1302 apostolus:
540 1217 633 1284 Vobis
655 1219 806 1285 donatum
827 1227 877 1286 est
895 1229 955 1302 pro
973 1219 1098 1282 Obristo
1112 1239 1177 1282 non
1195 1217 1297 1281 seiron
1317 1224 1356 1280 rt

196 1301 237 1364 in
259 1321 330 1366 eum
351 1303 511 1382 credatis,
531 1307 590 1370 aed
609 1307 708 1369 etlam
730 1314 768 1369 ut
781 1322 843 1390 pro
864 1305 921 1368 ttto
939 1306 1115 1388 patiemini
1126 1305 1183 1388 ⁴);
1210 1313 1245 1367 et
1267 1301 1358 1366 illud:

200 1386 289 1450 Deus
311 1393 367 1472 qui
387 1395 492 1473 coepit
513 1395 548 1454 r'u
571 1392 658 1453 uobis
680 1392 791 1454 boman
813 1411 904 1476 opus,
921 1393 1072 1474 perficiet
1091 1391 1248 1475 usquein
1271 1389 1356 1452 diua

201 1472 324 1536 domiui
352 1480 456 1538 nostri
487 1476 563 1540 decu
593 1476 716 1546 creas
731 1478 785 1562 Ἣ
819 1488 858 1542 et
881 1478 974 1543 illud:
1008 1477 1129 1543 crarta
1156 1474 1242 1538 satvr·
1266 1477 1357 1557 sacta·

197 1559 280 1620 'eatis
295 1577 358 1642 per
369 1561 490 1642 fidus,
512 1571 545 1628 et
566 1563 625 1626 boc
645 1583 709 1628 nora
729 1585 771 1630 ea
790 1564 900 1641 etha,
921 1564 975 1628 dor·
997 1564 1082 1626 euim
1101 1563 1218 1626 donum
1239 1571 1291 1622 est
1305 1559 1358 1642 ⁰);

198 1651 242 1705 et
258 1645 340 1725 quod
362 1647 403 1709 de
420 1667 461 1710 se
474 1651 544 1730 ipso
559 1651 604 1713 ait
616 1652 796 1730 apostolus:
816 1649 1073 1714 masuerum
1089 1653 1277 1713 conmutata
1290 1665 1358 1708 naar

195 1737 241 1792 ut
259 1731 373 1814 ,fidelis
402 1734 570 1818 ceremth
597 1755 659 1798 non
688 1735 768 1800 dixit
795 1738 870 1816 quia
897 1751 999 1817 erun,
1027 1732 1089 1798 sed
1109 1743 1145 1796 ut
1163 1749 1294 1816 essem3
1324 1739 1358 1794 et

201 1815 295 1880 illud:
329 1819 416 1896 Quid
435 1821 531 1884 hodes
553 1822 637 1905 quod
654 1841 720 1884 uon
740 1823 896 1904 moeret
911 1821 973 1892 'ii
990 1822 1036 1882 'et
1057 1819 1147 1882 illud:
1178 1817 1279 1882 Omne
1300 1817 1358 1880 da-

201 1907 271 1964 tum
290 1904 403 1967 bonum
424 1913 458 1969 ct
477 1926 568 1970 ouans
586 1909 701 1972 mian
716 1910 896 1990 perfectum
909 1907 1072 1970 desursum
1092 1912 1151 1981 est,
1165 1904 1358 1967 decendero

200 1997 339 2070 epatre
361 1987 513 2056 luminum
526 1991 580 2074 ὓς
610 2004 644 2057 et
664 1994 757 2057 iilud:
786 1991 888 2060 Nemo
913 1992 1008 2055 babet
1030 1991 1200 2075 quidquem
1216 1988 1272 2070 ¹⁰)
1293 1991 1358 2056 uisi

78 2121 84 2134 ‚
201 2071 255 2136 illl
268 2075 380 2139 datum
394 2078 502 2160 feeerit
516 2079 657 2163 desuper.
687 2078 924 2143 Innumerabilia
937 2085 1012 2140 sunt
1025 2086 1205 2140 sanctarum
1221 2075 1359 2156 scriptu·

203 2177 305 2248 mum
326 2165 507 2225 testimonia
528 2184 610 2246 quae
630 2175 764 2248 possunt
784 2164 826 2229 ad
852 2162 1043 2245 probandam
1064 2161 1200 2246 gratiam
1220 2155 1355 2241 proferri,

202 2243 262 2308 sed
293 2245 458 2310 brevitatis
490 2249 595 2312 studio
624 2248 849 2332 praetermissa
878 2257 972 2331 sunt,
1002 2248 1075 2331 quia
1102 2256 1136 2312 et
1164 2265 1279 2314 revera
1309 2244 1358 2310 cui

200 2344 305 2411 panca
327 2347 388 2394 uon
409 2331 569 2398 sufficiunt
588 2333 677 2418 plura
697 2355 760 2398 non
780 2335 958 2418 proderunt.

286 2451 360 2515 Hoc
392 2451 487 2518 etiam
512 2444 705 2522 secundum
719 2452 815 2519 tidem
842 2455 1033 2520 catholicam
1063 2450 1238 2535 oredimus,
1270 2449 1358 2534 quod
1424 2467 1425 2497 l

201 2546 341 2620 accepta
367 2559 424 2622 per
450 2535 638 2624 baptismum
665 2543 770 2630 gratia
785 2540 839 2623 ¹¹)
874 2547 986 2608 omnes
1019 2537 1195 2624 baptizati,
1228 2537 1359 2602 Christo

188 2619 374 2710 'auxilians
405 2633 675 2710 erumpemus,
708 2647 790 2710 quae
818 2623 859 2692 ad
886 2629 1020 2693 salutem
1049 2623 1172 2690 animae
1196 2623 1360 2706 pertinent

200 2711 328 2794 possint
364 2719 397 2774 et
428 2706 565 2777 debeant
596 2717 626 2777 si
657 2713 792 2778 fideliter
822 2715 963 2778 laborare
993 2709 1149 2775 voluerint
1180 2709 1360 2792 adimplere.

200 2795 335 2880 Aliquos
363 2817 439 2861 vero
467 2797 508 2862 ad
534 2799 649 2862 malum
678 2799 784 2863 divina
811 2808 974 2880 potestate
999 2797 1254 2881 praedestinatos
1283 2812 1361 2857 esse

201 2895 265 2964 rien
291 2883 394 2947 solum
423 2903 485 2946 non
512 2883 687 2967 credimus,
714 2885 774 2950 sed
802 2885 899 2950 ctiam
928 2887 957 2950 si
977 2891 1052 2950 sunt
1073 2885 1126 2967 qui
1146 2890 1268 2946 tautum
1289 2899 1363 2944 ma-

201 2965 265 3052 lum
281 2967 336 3051 ¹²)
364 2965 493 3034 credere
519 2971 636 3056 velint,
662 2989 734 3038 cum
760 2969 844 3036 omui
871 2971 1084 3044 detestatione
1108 2967 1171 3032 illis
1191 2966 1362 3032 anathema

202 3051 345 3120 doinus.
472 3103 475 3114 .

287 3175 360 3237 Hoc
389 3177 504 3258 etiarn,
540 3179 704 3242 salubriter
730 3177 913 3260 profitemur
940 3184 975 3240 et
1004 3176 1161 3243 credimus
1215 3170 1300 3256 quod
1329 3171 1364 3234 in

202 3257 287 3324 omni
312 3278 408 3342 opera
433 3260 516 3326 bono
542 3283 604 3328 non
632 3281 691 3326 nos
712 3261 877 3346 incipimus
898 3266 931 3326 e't
951 3269 1071 3346 postea'
1086 3282 1144 3344 per
1163 3219 1216 3323 dei
1235 3257 1365 3322 miseri·
1422 3319 1423 3338 2

202 3345 342 3410 cordiam
362 3345 559 3432 adjuvamur,
586 3348 646 3412 sed
666 3348 736 3430 ipse
757 3349 849 3412 nobis
869 3347 963 3412 nullis
983 3344 1245 3432 praecedentibus
1264 3342 1363 3406 bouis
1422 3355 1423 3358 ’

201 3434 321 3498 meritis
347 3442 382 3498 et
408 3433 503 3499 fidem
530 3445 563 3500 et
591 3453 728 3508 amorem
748 3436 798 3498 sui
818 3434 905 3516 prius
925 3435 1071 3517 inspirat,
1100 3440 1191 3497 utet
1211 3429 1362 3512 baptismi

201 3529 401 3584 sacramenta
421 3511 555 3586 fideliter
574 3522 783 3605 requiremus,
805 3530 838 3584 et
859 3528 934 3603 post
955 3521 1141 3602 baptismum
1163 3533 1236 3580 cum
1257 3514 1360 3598 ipsius

202 3604 355 3685 adjutorio
382 3626 422 3670 ea
450 3623 533 3689 quae
560 3606 620 3670 sibi
646 3614 720 3671 sunt
748 3607 865 3689 placita
893 3607 1021 3687 implere
1048 3606 1215 3690 possimus.
1264 3599 1361 3664 Unde
1421 3657 1422 3660 ,

200 3689 459 3772 manifestissime
490 3691 680 3756 credendum
714 3702 787 3774 est,
819 3692 902 3775 quod
932 3700 966 3754 et
993 3693 1074 3754 illius
1102 3689 1232 3753 latronis
1263 3703 1361 3768 quem

202 3776 347 3842 dominus
367 3777 407 3842 ad
430 3779 566 3861 paradisi
587 3779 718 3860 patriam
745 3777 926 3860 revocavit,
954 3785 987 3839 et
1008 3776 1146 3841 Cornelii
1167 3773 1362 3837 centurionis

202 3861 366 3945 adonem
393 3866 528 3948 angelus
552 3863 668 3926 domini
693 3862 811 3927 missus
836 3871 903 3944 est,
932 3873 966 3929 et
986 3863 1149 3926 zacchaei
1174 3860 1228 3942 qui
1254 3859 1361 3940 ipsum

203 3947 360 4012 dominum
385 3953 549 4032 suscipere
577 3949 705 4031 memit,
735 3945 787 4012 illa
813 3956 877 4013 tam
905 3947 1092 4013 admirabilis
1113 3947 1195 4010 fides
1216 3943 1362 4008 nonfuit

203 4032 244 4099 de
265 4037 455 4101 natumsed
476 4033 602 4101 diuinae
623 4035 779 4120 largitatis
800 4033 914 4100 donum
930 4031 994 4114 ¹³).
1102 4087 1106 4093 .

203 4163 405 4202 hav-vm

246 4253 376 4377 ¹)Dprottp
393 4261 419 4375 pt
435 4260 710 4377 m¹⁸⁶r¹⁰⁰id⁸⁰Rd²⁰mg
726 4253 794 4377 hipp.
806 4251 903 4374 D.A-
942 4252 972 4321 ἱ)
991 4257 1229 4390 appol-asmingia
1246 4249 1315 4371 lppg.
1330 4249 1360 4300 B.

299 4341 364 4378 esim
401 4339 443 4375 lac
460 4338 584 4378 Voceflln
629 4341 670 4376 θ.
729 4339 745 4375 θ
789 4339 826 4376 ed.
868 4361 875 4375 .
917 4349 952 4359 ¹-
1080 4339 1095 4373 u
1230 4357 1238 4370 .
1283 4355 1290 4371 ι
1325 4345 1361 4359 ····

244 4393 476 4460 ⁴)Phit.1,29.
529 4423 564 4432 -
625 4341 663 4461 εἷ
672 4391 740 4447 onir.
758 4394 789 4459 1,
812 4393 838 4447 o.
890 4419 926 4430 -
985 4392 1014 4460 ο)
1033 4391 1130 4460 repre..
1149 4336 1232 4456 aeg.
1268 4413 1304 4430 -

246 4460 491 4532 vilcenam.
518 4491 553 4504 -
588 4459 777 4528 ⁸)100r.4,
794 4463 820 4515 7.
850 4490 884 4502 -
924 4459 1064 4528 ⁹)dao.l‚
1085 4464 1127 4514 ΓΙ.
1160 4489 1196 4504 ·-·
1235 4457 1362 4526 ’θωπί

273 4533 333 4586 add.
351 4533 416 4598 Reg.
436 4535 469 4588 D„
501 4563 536 4573 -
566 4530 624 4584 Joh.
642 4535 674 4596 3,
693 4533 737 4584 27.
789 4559 824 4570 -
882 4530 931 4594 ¹1)
949 4539 1085 4593 creancet
1102 4538 1229 4591 occentum
1247 4535 1362 4592 neptunu

272 4612 378 4667 crottam
396 4591 508 4668 RngB,
526 4599 626 4652 dean.
652 4629 687 4640 -
722 4599 771 4668 Η)
789 4599 976 4665 marineus,
995 4601 1132 4658 eticah,
1157 4625 1193 4640 -·
1227 4599 1277 4669 Η)
1295 4605 1362 4652 dtet·
1419 4649 1420 4655 ,

272 4690 320 4730 cae
338 4681 435 4737 mattae
452 4679 568 4736 tarpttute
586 4677 678 4724 donata
694 4671 762 4736 ch.
781 4669 812 4722 B.
848 4695 883 4712 -··
