2858 5036
244 527 595 613 CONCILIUM
626 463 1322 649 cnusnulususunltunt

643 629 921 712 tunulum

204 765 403 854 murrum
423 765 466 854 1)
495 705 586 834 'suo
618 769 690 834 unr
722 765 1030 836 uuununnuuu
1058 763 1355 834 uovuumurou

233 851 358 918 nuno
386 851 564 932 ounuro
593 851 845 920 ournonoxr
873 850 1021 933 trouu
1049 851 1330 920 snuumssnn

232 957 262 992 s«
331 937 488 1002 norum
513 935 698 1006 neroum
716 937 846 1005 nucu
865 937 956 1003 nan
974 935 1229 1022 nooxxrxar.

150 1165 156 1172 ’
204 1131 422 1250 Sacerdotes
455 1138 589 1267 domini,
624 1201 705 1270 quos
734 1203 797 1250 non
822 1183 925 1250 solrun
950 1145 1057 1249 divina
1081 1127 1186 1266 pietas
1216 1181 1262 1248 sd
1288 1201 1356 1248 rne-

206 1273 371 1358 gisterium
390 1279 536 1362 pmvehit
554 1291 692 1360 sacrum,
712 1277 879 1342 sedetiam
893 1283 929 1344 et
940 1275 975 1358 ⁸)
988 1277 1206 1360 speculatores
1221 1277 1357 1342 instituit

207 1359 362 1444 plebium,
383 1382 423 1426 ea
443 1381 481 1426 se
501 1363 619 1426 debent
639 1363 835 1444 auctoritatis
854 1361 974 1426 munire
994 1362 1167 1444 sententia,
1188 1379 1251 1444 quo
1268 1363 1306 1442 ⁴)
1326 1373 1358 1426 et

206 1441 322 1510 divinis
336 1446 405 1510 sine
419 1447 648 1520 intermissione
662 1447 808 1512 insistant
821 1446 1001 1530 praeceptis
1015 1452 1049 1510 et
1067 1455 1213 1510 amotam
1233 1447 1370 1529 plebem.

209 1525 315 1613 dignis
336 1531 532 1618 condirigant
552 1533 713 1614 exemplis.
748 1529 797 1597 lit¹
811 1532 885 1597 ideo
904 1532 978 1615 quia
997 1547 1057 1596 uos
1078 1531 1183 1594 divina
1203 1533 1362 1598 celsitudo

209 1629 254 1676 ex
282 1613 376 1696 jussu
410 1618 665 1682 excellentissimi
690 1624 725 1680 et
742 1618 876 1700 piissimi
895 1617 1065 1702 magnique
1083 1612 1135 1680 dei
1148 1615 1281 1680 cultoris
1304 1618 1364 1682 do-

209 1695 286 1762 miui
305 1702 404 1764 nostrl
422 1703 557 1786 ligicaui
576 1703 725 1786 principis
741 1703 774 1764 in
793 1703 877 1767 hauc
899 1703 1230 1785 caesaraugustanam
1250 1703 1362 1768 urbem

207 1783 380 1850 coadunari
397 1789 574 1872 praecepit,
601 1789 701 1852 etita
719 1788 779 1851 sub
801 1787 975 1851 omnimoda
995 1784 1193 1868 specialitate
1213 1788 1363 1874 instituit,

210 1876 247 1932 ut
267 1881 433 1936 resecante
454 1873 537 1938 falce
554 1871 697 1955 justitiae
717 1871 886 1958 aequitatis
906 1871 1117 1937 consolidetur
1136 1873 1305 1957 materies,
1326 1883 1363 1938 et

210 1953 359 2038 quidquid
379 1956 547 2041 cujuslibet
566 1958 737 2028 indiscreta
755 1954 912 2041 pernicies
932 1954 1093 2022 assumis
1116 1955 1365 2023 institutionibus

211 2048 333 2122 patrum
367 2043 407 2106 de
440 2044 597 2110 ordinibus
624 2043 852 2109 ecclesiasticis
881 2042 1002 2106 divellit
1025 2039 1143 2106 nostris
1164 2041 1365 2122 ,uocabulis

209 2127 378 2190 sententiis
404 2129 465 2192 deo
491 2130 648 2194 mediante
675 2130 706 2192 in
727 2127 842 2192 lumine
862 2127 1035 2192 deducatur
1054 2127 1214 2191 veritatis:
1242 2127 1364 2192 idcirco

211 2205 285 2271 dum
312 2212 403 2274 nobis
429 2213 472 2275 de
496 2223 629 2278 sauctae
657 2214 805 2277 trinitatis
829 2213 979 2297 mysterio
1006 2211 1180 2276 secondum
1200 2213 1363 2277 formulam

211 2289 345 2356 Nicaeni
367 2298 490 2364 ennodii
509 2298 611 2366 triduo
631 2306 740 2360 mutua
759 2296 874 2360 fuisset
894 2293 1019 2362 collatio
1035 2296 1089 2380 ⁵),
1110 2315 1150 2360 ea
1162 2295 1197 2376 ⁸)
1218 2315 1301 2380 quae
1322 2317 1362 2362 se

208 2379 319 2440 coetui
344 2389 452 2444 nostro
478 2381 520 2446 ad
545 2380 794 2446 aedificationem
820 2383 917 2444 totius
938 2379 1040 2468 plebis
1058 2383 1261 2466 ingessemnt
1279 2403 1365 2448 oon-

171 2497 174 2504 .
211 2463 325 2544 spicua
346 2463 550 2552 diligentique
570 2467 690 2532 ratione
709 2475 957 2550 pertractantes,
985 2483 1067 2549 quae
1092 2469 1274 2531 necessaria
1296 2489 1365 2544 ex-

187 2549 333 2614 'titerint
347 2550 399 2632 l),
427 2552 553 2617 Christo
582 2553 754 2638 opitulante
783 2550 876 2634 cujus
901 2567 961 2616 nos
987 2569 1088 2616 eausa
1106 2551 1219 2616 salutis
1239 2552 1278 2616 ad
1301 2554 1366 2618 lroc

213 2637 400 2716 provocavit
432 2638 587 2722 studium,
621 2639 654 2702 in
688 2639 835 2702 brevibus
868 2645 965 2719 atque
994 2637 1184 2700 continuatis
1216 2639 1367 2720 capitulis

151 2781 162 2809 ἱ
209 2729 346 2784 cuncta
360 2721 573 2804 delinivimus,
602 2731 637 2788 et
664 2722 705 2786 ad
731 2721 936 2804 perennitatis
956 2737 1035 2784 suae
1055 2722 1146 2785 robur
1161 2721 1195 2802 ⁸)
1221 2741 1367 2806 eaquae

214 2822 236 2866 a
255 2807 347 2868 nobis
367 2813 442 2870 acta
460 2809 515 2869 vel
536 2807 664 2870 delinita
691 2815 767 2870 suut
790 2807 933 2889 propriae
958 2823 1070 2870 manus
1095 2815 1222 2872 nostrae
1249 2826 1368 2874 exara·

211 2887 299 2951 tione
318 2889 442 2953 firmare
457 2892 705 2974 procuravimus.

210 3011 236 3074 l.
261 3011 304 3078 Ut
322 3034 386 3078 noc
406 3015 505 3083 liec'ot
519 3021 674 3104 episcopis
688 3019 773 3082 citro
788 3017 857 3082 dies
878 3017 1052 3082 dominicos
1062 3015 1096 3102 ⁹)
1111 3022 1367 3090 consecrationes
1418 3073 1419 3144 l

602 3104 806 3169 ecelesiarum
827 3115 982 3168 eserom.

298 3205 333 3269 lu
354 3212 499 3272 sanctum
520 3211 555 3268 et
571 3205 655 3270 satis
667 3207 846 3268 venerabile
866 3203 1032 3268 consilium
1052 3205 1263 3272 residentibus
1283 3229 1367 3274 nun·
1418 3223 1419 3248 ¹

121 3280 123 3290 ⁴
213 3285 327 3368 tiatum
357 3298 408 3354 est
433 3289 543 3373 nobis,
572 3309 612 3352 eo
640 3289 724 3373 quod
750 3289 845 3372 aliqui
872 3288 1039 3370 pontifices
1058 3293 1200 3376 regulam
1220 3296 1368 3360 veritatis

212 3376 502 3456 praetermittentes
531 3376 686 3442 ecelesias
713 3393 795 3459 quae
816 3392 836 3438 a
856 3371 1002 3437 fidelibus
1020 3373 1073 3456 pia
1095 3377 1264 3447 devotione
1284 3399 1368 3444 con.
1418 3357 1419 3446 l

213 3471 375 3526 stmuntur
400 3469 491 3524 extra
517 3461 586 3526 dies
613 3460 785 3535 dominicos
799 3458 835 3539 ⁰)
862 3467 1058 3523 consecrent
1101 3463 1138 3531 Si
1166 3482 1244 3547 ergo
1251 3509 1262 3546 ,
1294 3483 1366 3528 cnm

191 3621 194 3628 ¹
212 3549 349 3630 quisque
369 3555 510 3610 nostmm
531 3548 703 3612 mortalium
724 3544 766 3610 ad
786 3541 986 3608 sacerdotale
1003 3556 1202 3626 promovetur
1218 3547 1367 3632 officium,

212 3634 392 3698 nullatenus
417 3631 551 3713 patimur
576 3640 614 3694 ut
639 3633 672 3695 in
696 3629 823 3715 reliquis
843 3626 956 3692 diebus
977 3629 1038 3692 nisi
1058 3639 1179 3696 tantum
1200 3633 1365 3703 dominicis

178 3712 184 3725 '
213 3717 441 3796 festivitatibus
460 3714 559 3797 hire)
580 3719 634 3798 qui
653 3716 778 3780 honoris
799 3713 887 3798 digni
906 3713 1059 3778 habentur
1079 3717 1185 3782 cilicio
1205 3721 1238 3782 in
1256 3719 1367 3788 ordine
1418 3685 1419 3770 i

213 3801 434 3884 praeficiantur
460 3800 700 3883 ecclesiastico,
737 3799 986 3885 quantomagis
1014 3807 1052 3862 ut
1076 3811 1191 3870 sancta
1216 3803 1368 3873 deificata
1418 3873 1419 3886 χ

215 3889 351 3967 templa,
380 3902 461 3967 quae
489 3885 528 3946 ab
557 3882 733 3948 hominibus
760 3883 905 3948 fidelibus
934 3894 1105 3950 censentur
1124 3887 1367 3971 honorificanda,

166 4036 171 4048 ,
214 3970 285 4036 sine
318 3970 430 4036 diebus
467 3968 629 4034 dominicis
661 3970 880 4052 perhibeantur
911 3967 1168 4038 consecrandai‘
1198 3973 1364 4056 cojusque

215 4073 274 4120 nos
309 4055 417 4148 taluam
452 4057 722 4138 praesumptiones
739 4051 944 4140 :pontificum
961 4073 1028 4126 non.
1054 4059 1156 4125 solum
1187 4067 1368 4124 sauctorum
1418 4105 1419 4116 ,

215 4193 417 4212 m

258 4270 287 4339 ¹)
304 4275 430 4336 militi*
445 4280 515 4337 setta
531 4279 659 4340 evocantis
675 4276 702 4326 ta
718 4265 1001 4338 aroe‘ooeacroapoua
1018 4271 1056 4332 lli.
1090 4297 1126 4312 -
1167 4272 1198 4398 εἰ
1215 4273 1301 4356 ”9⁰⁸²
1317 4271 1368 4325 1100
1418 4301 1419 4364 ᾗ

227 4419 229 4426 ’
284 4427 333 4463 nu.
356 4409 499 4480 Augustini
520 4413 636 4484 archiep.
660 4412 877 4469 Tarraconensis.
910 4439 946 4454 -
994 4409 1024 4478 e)
1047 4421 1072 4464 ct
1095 4411 1172 4468 aem
1197 4357 1299 4484 {1¹:¹³3}
1308 4359 1370 4450 ΜΕ
1418 4377 1419 4432 ἰ

275 4341 428 4398 1οοιιοίΙίιιὴι
443 4341 472 4396 in
490 4343 625 4398 codicibus
642 4345 699 4396 BR.
714 4343 748 4396 tt.
759 4345 785 4400 3.
803 4343 837 4400 Τ,
848 4345 873 4396 1.
882 4345 909 4399 2.
924 4343 958 4396 lJ.
975 4343 1010 4397 G.
1039 4339 1160 4396 Contulit

256 4483 272 4522 ⁴
306 4489 371 4542 quoa
387 4481 425 4536 Μ.
459 4505 495 4524 ⁶
538 4484 568 4553 Ι)
586 4489 720 4537 consolatio
738 4482 805 4536 Cod.
822 4481 948 4554 Angit.
965 4482 1071 4551 ηοω.)
1104 4509 1141 4523 -
1182 4481 1309 4557 ⁸)bpM.
1334 4506 1371 4520 -

238 4553 289 4690 ιζ)
305 4559 451 4674 {W
465 4555 503 4610 m.
537 4581 573 4596 -
615 4553 645 4622 a)
661 4542 775 4610 sotem
793 4553 835 4612 tt
868 4579 904 4595 -
946 4551 977 4621 a)
1001 4557 1087 4608 asoa
1110 4557 1239 4611 aarum
1258 4551 1298 4614 tt·
1333 4579 1370 4592 -
