2858 5036
191 237 235 304 78
474 235 715 312 concursat
734 239 1008 310 mensumn
1027 243 1065 310 tt

193 408 331 474 libertati
344 409 385 474 de
400 409 544 476 libertato
558 409 725 478 confestim
738 412 779 478 ad
793 413 1011 482 contumaciae
1030 413 1169 482 morbum
1191 409 1362 496 transiliit,

193 496 305 577 sicque
332 517 388 580 per
414 499 592 580 superbiam
611 501 795 564 non-solum
817 499 960 582 ejusdem
980 495 1122 584 epis'copi
1140 499 1303 564 veneticis
1322 501 1361 581 ¹)

195 583 313 646 artibus
334 585 468 648 salutem
490 584 616 650 laedere
635 583 749 668 voluit,
776 585 836 650 sed
862 586 959 648 ctiam
985 593 1147 669 patronam
1175 587 1360 650 ecclesiam

95 733 101 744 ,
194 669 350 732 libertatis
374 668 534 734 immemor
559 668 777 749 damnavitt).
817 670 982 735 Adversus
1003 689 1095 754 quem
1121 672 1237 754 ingrati
1260 673 1361 734 actio

196 772 349 819 canonum
371 774 411 820 ac
437 759 544 838 legum
572 757 758 820 auctoritate
781 753 869 838 juste
897 753 1055 841 dirigitur,
1083 757 1207 820 scilicet
1226 766 1264 819 ut
1288 757 1360 820 im-

194 839 325 906 meritae
346 839 498 907 libertatis
514 842 625 904 damno
647 843 817 906 mulctatus
838 841 1019 907 ad·servitii
1037 861 1153 906 nexum
1169 860 1231 924 quo
1252 852 1360 906 natus

195 935 248 990 est
264 936 441 993 revocetur.
470 928 592 991 'lulium
613 928 694 990 eninr
715 936 830 1010 status,
850 927 903 1010 qui
925 936 1033 994 contra
1051 931 1234 1011 episcopum
1256 947 1359 992 suum

195 1013 249 1076 vel
269 1021 432 1096 patronam
453 1015 622 1078 ecclesiam
641 1013 748 1076 nititur
758 1011 802 1096 ³),
818 1011 1047 1095 decidi'potius
1068 1032 1160 1096 quam
1180 1015 1309 1076 servari
1320 1013 1360 1094 ⁴)

196 1100 346 1162 convenit
351 1145 362 1182 ,
382 1108 418 1163 ut
438 1119 568 1184 quorum
588 1100 716 1162 libertas
735 1097 913 1180 perniciose
934 1107 1001 1182 ast,
1030 1100 1073 1162 sit
1094 1100 1256 1162 salutifera
1278 1119 1359 1162 ser-

195 1185 299 1268 vitus,
330 1194 364 1248 et
386 1187 439 1268 qni
460 1185 620 1270 superbire
641 1185 785 1251 noverint
798 1183 834 1268 ⁵)
862 1184 979 1270 adepta
998 1185 1142 1251 libertate
1166 1183 1306 1268 praediti
1321 1185 1357 1265 ⁰)

195 1269 320 1336 discam
341 1271 468 1337 obedire
488 1271 633 1354 subjecti.
1026 1313 1028 1318 ,
1136 1299 1159 1350 y

346 1375 402 1437 IX.
444 1373 497 1438 Da
517 1374 693 1452 perrumpis
713 1391 755 1437 ne
775 1393 816 1436 ea
836 1372 930 1437 laicis
951 1373 1197 1437 constituantur.

220 1527 222 1534 ¹
281 1459 377 1522 Nona
411 1459 537 1524 actione
570 1459 735 1525 didicimus
769 1459 921 1542 quosdam
952 1479 994 1522 ex
1023 1467 1131 1522 nostre
1148 1457 1184 1542 a)
1214 1459 1358 1544 collegio

103 1603 111 1616 ,
199 1551 311 1607 contre
329 1563 433 1610 mores
453 1545 692 1611 ecclesiasticos
712 1545 812 1609 laicos
832 1544 949 1610 habere
970 1545 1001 1608 in
1021 1546 1115 1612 rebus
1135 1544 1250 1608 divinis
1273 1565 1358 1609 con-

199 1626 330 1692 stitutos
356 1649 555 1696 oeconomos.
605 1631 739 1694 Proinde
770 1631 885 1714 pariter
912 1638 1086 1694 tractantes
1115 1628 1290 1714 elegimus,
1321 1639 1358 1694 nt

198 1717 414 1800 unusquisque
453 1727 593 1782 nostrum
607 1713 648 1798 ⁸)
686 1716 859 1784 secundum
892 1715 1195 1780 Chalcedonensium
1227 1727 1356 1798 patrum

199 1799 328 1866 decreta
343 1804 377 1883 ⁰)
406 1823 448 1868 ex
473 1804 595 1886 proprio
623 1801 708 1866 ciero
729 1804 932 1865 beconomu'm
952 1801 1012 1866 sibi
1033 1803 1212 1866 constituat
1253 1803 1357 1866 Inde-

198 1906 305 1952 comm
334 1898 386 1953 est
415 1890 498 1954 enim
526 1891 640 1953 laicum
659 1886 809 1954 vicarium
837 1907 912 1951 esse
938 1885 1080 1970 episcopi
1107 1896 1140 1950 et
1168 1890 1356 1953 saeculares

147 2015 173 2055 r,
197 1975 230 2037 in
259 1973 398 2040 ecclesia
413 1975 468 2056 ¹⁰)
494 1973 657 2060 judicare:
690 1975 722 2038 in
751 1993 813 2038 uno
841 1972 924 2038 enim
957 1973 1130 2058 eodemque
1157 1971 1261 2036 officio
1291 1994 1356 2036 nnn

199 2059 296 2124 decet
322 2061 428 2148 dispar
453 2063 617 2146 professio.
658 2058 754 2138 Qtrcd
778 2060 876 2123 etiarn
899 2057 930 2122 in
951 2059 1026 2143 lege
1047 2058 1154 2123 divina
1172 2060 1357 2140 prohibetur

198 2145 325 2212 dicente
345 2149 481 2234 Moyse:
502 2146 577 2216 Non
598 2145 706 2211 arabis
726 2149 763 2211 r'n
785 2147 861 2210 bove
881 2144 978 2210 simul
998 2153 1031 2209 at
1052 2147 1143 2209 acino
1161 2145 1225 2230 ¹¹),
1246 2143 1281 2208 id
1303 2153 1355 2208 est

198 2231 343 2295 homines
357 2232 502 2298 diversae
514 2233 724 2318 'professionis
743 2233 775 2295 in
796 2232 900 2294 cilicio
922 2250 984 2294 uno
1004 2250 1065 2294 non
1087 2231 1233 2295 sociabis.
1258 2231 1354 2296 Unde

201 2325 326 2398 oportet
346 2337 405 2382 nos
427 2328 461 2383 et
474 2317 588 2382 divinis
608 2317 693 2382 libris
715 2324 750 2380 et
768 2311 948 2380 sanctorum
967 2325 1090 2398 patrum
1111 2317 1238 2402 obedire
1256 2335 1353 2398 prae-

201 2403 322 2484 ceptis,
345 2405 575 2468 constituentes
596 2412 631 2466 ut
651 2403 684 2466 hi
714 2403 767 2484 qni
794 2403 826 2470 in
853 2402 1169 2466 administrationibus
1196 2403 1354 2468 ecelesiae

199 2488 401 2572 pontificibus
428 2491 587 2556 sociantur
614 2489 792 2572 discrepare
820 2508 883 2552 non
908 2488 1045 2553 debeant
1070 2507 1132 2551 nec
1157 2488 1355 2569 professione

202 2594 263 2639 nec
284 2576 409 2640 habitu:
441 2594 514 2641 nam
540 2575 709 2641 cohaerere
736 2584 770 2638 et
797 2573 947 2660 conjungi
973 2593 1035 2636 non
1063 2582 1212 2662 possunt,
1241 2575 1357 2658 quibus

202 2670 237 2725 et
258 2661 363 2726 studia
383 2670 417 2726 et
436 2672 515 2725 vota
535 2662 662 2725 diversa
682 2668 765 2724 sunt.
816 2661 853 2724 Si
874 2663 945 2742 quis
964 2667 1069 2721 autern
1089 2661 1259 2743 episcopus
1279 2665 1357 2742 pust

202 2749 286 2812 haec
299 2747 352 2828 ¹²)
370 2749 622 2810 ecclesiasticam
638 2763 703 2810 rem
716 2754 771 2810 eut
790 2743 893 2828 laicali
912 2743 1200 2827 procuratione'¹⁸)
1221 2743 1359 2808 admini-

130 2866 133 2871 ν
202 2831 362 2896 strandum
384 2833 517 2916 elegerit
543 2841 599 2894 aut
621 2833 695 2894 sine
721 2832 902 2896 testimonio
929 2831 1092 2894 oeconomi
1120 2831 1357 2914 gubernandam
1413 2825 1414 2918 i

203 2915 370 2982 crediderit
384 2916 449 2999 ¹⁴),
470 2937 547 2981 vere
568 2925 605 2980 ut
623 2924 818 2999 contemptor
839 2933 993 2978 canonum
1015 2925 1048 2980 et
1067 2916 1224 2980 fraudator
1244 2918 1357 2980 eccle-
1413 2919 1414 2992 l

203 3004 401 3066 siasticarum
427 3023 528 3067 rerum
554 3021 616 3066 non
642 3003 743 3065 solum
764 3001 892 3066 Christo
908 2999 963 3082 ¹³)
993 3001 1034 3064 de
1062 3002 1155 3065 rebus
1182 3021 1357 3084 pauperum
1413 3075 1414 3078 Ἴ

198 3087 356 3172 judicatur
372 3087 426 3170 ¹⁶)
446 3108 536 3174 raus,
564 3087 625 3152 sed
645 3089 740 3153 etiam
756 3097 790 3151 et
811 3087 945 3152 concilio
965 3085 1105 3154 inanebit
1124 3087 1287 3154 obnoxius.
1303 3086 1306 3092 ’
1413 3101 1414 3163 l

436 3217 478 3284 X.
520 3215 573 3284 De
592 3217 795 3286 monaatara‘o‘a
816 3235 881 3283 non
903 3214 1123 3282 conuellendas.

294 3302 426 3368 Decima
456 3303 580 3370 actione
605 3302 813 3384 poscentibus
837 3303 1094 3368 monasteriorum
1120 3302 1262 3385 patribus
1290 3302 1360 3383 pari
1413 3301 1414 3388 i

100 3423 102 3434 =
204 3391 363 3454 sententia
391 3389 581 3471 statuimus,
613 3395 649 3450 ut
677 3387 830 3452 coenobia
856 3406 955 3468 nuper
982 3386 1110 3454 condita
1135 3390 1167 3451 in
1194 3389 1359 3470 provincia
1413 3389 1414 3466 ζ

204 3477 337 3544 Baetica
355 3477 439 3544 siout
459 3483 493 3542 et
507 3471 567 3542 'illa
590 3491 672 3555 quae
693 3481 766 3540 suut
786 3469 924 3554 antiqua,
946 3470 1093 3539 immobili
1112 3482 1146 3538 et
1164 3471 1359 3538 inconeussa
1413 3473 1414 3552 l

206 3563 381 3626 stabilitate
405 3566 609 3642 permaneant
635 3557 778 3620 solidata.
829 3556 867 3621 Si
894 3558 964 3638 quis
990 3566 1118 3639 autem,
1152 3557 1240 3641 qnod,
1262 3559 1358 3640 absit,

205 3657 345 3714 nostrum
359 3646 413 3730 uel
432 3644 524 3710 nobis
544 3644 783 3718 succedentium
802 3643 1002 3711 sacerdotum
1019 3643 1179 3732 quodlibet
1194 3653 1358 3720 monaste·
1413 3661 1414 3716 Τ

203 3735 283 3798 rium
304 3740 359 3796 aut
377 3732 412 3794 vi
432 3729 611 3814 cupiditatis
633 3727 852 3810 expoliandum
865 3727 923 3807 Π)
952 3737 1007 3812 aut
1032 3729 1229 3792 simulatione
1251 3728 1358 3809 aliqua

205 3817 323 3886 fraudis
343 3815 581 3882 convellendum
594 3814 648 3880 vel
665 3813 900 3880 dissolvendum
921 3813 1168 3903 tentaverit¹⁸),
1188 3813 1358 3882 anathema
1413 3875 1414 3896 ,

250 4068 279 4140 ι)
297 4074 369 4120 ‚aba
384 4073 425 4120 aa
441 4075 569 4190 offatm
584 4084 613 4181 ¹2¹
630 4085 665 4122 m.
681 4068 719 4120 ru.
745 4065 846 4190 ..Mat
863 4073 1051 4178 „emmau
1068 4066 1156 4190 corp,
1170 4067 1247 4138 nup.
1254 4066 1357 4190 ἑρὲιῖ
1413 4043 1414 4126 i

275 4137 453 4272 ‘ltili
477 4167 557 4262 aa.
596 4139 898 4276 illibata
928 4138 1164 4275 trum
1182 4139 1358 4281 biano
1413 4145 1414 4202 l

274 4279 407 4334 iurnbl.
459 4305 496 4318 ·-
555 4277 834 4345 atanaricum.
887 4303 923 4322 -·
978 4274 1287 4344 stannaturamtt.
1322 4305 1357 4320 -·
1413 4347 1414 4350 Ἴ

250 4345 598 4418 messenatae).
647 4347 930 4418 *Iro->stasne
953 4348 1287 4402 coemeteriorum.
1320 4375 1356 4390 -
1413 4363 1414 4370 ι

230 4415 1356 4555 ”enumerantibus‘tt‘t‘5.b.·.t..1ttntt:

230 4559 486 4627 ¹³)ucortotobl.
520 4587 556 4610 n-
594 4557 644 4626 1⁶)
656 4565 814 4622 sudemus
836 4557 864 4612 in
882 4575 916 4612 m.
934 4556 972 4611 M.
1006 4558 1042 4602 ··'
1081 4560 1303 4629 insonitum
1319 4557 1376 4610 bt.

230 4631 279 4702 ¹⁸)
297 4639 430 4688 udaverit
447 4631 523 4686 deero
540 4643 583 4700 ap.
600 4629 638 4682 M.
672 4655 707 4670 -·
