2874 5044
359 217 601 286 concurrum
620 219 914 288 BRACARENSE
936 219 974 286 11.
1204 224 1250 292 td

130 396 215 462 lolli.
248 387 374 460 -Deeo
396 393 484 476 qued
499 411 564 456 mn
584 394 683 460 dcent
699 393 739 474 ¹)
765 393 983 458 amanites
1003 391 1055 458 nel
1074 391 1201 458 chrisis

330 480 556 544 incantatores
578 479 630 544 cel
649 480 809 564 ligaturas
821 479 855 560 7)
878 469 1003 563 secere.

171 583 247 646 Nou
273 581 369 647 licent
398 579 523 646 clericis
549 580 761 657 incantatores
787 601 862 646 esse
891 592 925 646 et
950 584 1101 666 ligaturas
1128 581 1243 667 facere,

71 669 173 750 quod
195 676 247 730 est
267 666 428 754 colligatio
451 666 628 734 anirnarum.
668 669 707 733 Sl
728 667 798 754 quis
818 670 902 734 haec
922 669 1016 761 facit,
1043 666 1083 742 de
1105 629 1278 733 eeclesiti

71 753 276 840 projiciatur.
1070 755 1162 814 (nana
1181 759 1241 820 ³⁰)

129 856 201 921 lnX.
252 855 323 924 Non
338 852 373 936 ³)
406 856 504 919 liceat
534 843 751 921 sacerdotibus
779 859 831 922 cet
855 858 980 922 clericis
1008 855 1200 940 spectaculis

27 1083 32 1088 ,
172 1029 245 1091 Non
270 1024 366 1091 liceat
393 927 838 1096 sacerdoriniitirreeisileners
866 1031 970 1112 aliqua
997 1028 1218 1128 spectacula
1208 1048 1240 1092 ιιι

72 1115 204 1198 nuptiis
217 1113 294 1175 vel
285 1133 317 1176 m
332 1113 486 1176 conviviis
497 1112 532 1193 ⁴)
547 1121 703 1198 spectare,
717 1115 775 1178 sed
797 1125 921 1198 oportet
941 1113 1139 1198 antequam
1131 1133 1240 1197 ingre-

70 1196 237 1266 diantur
227 1217 299 1282 rpsa
319 1200 513 1282 spectacula,
534 1217 666 1283 surgere
687 1210 721 1262 et
742 1204 891 1266 recedere
911 1201 992 1264 inde.
1042 1219 1158 1278 (nmen.
1177 1219 1239 1280 de.)

209 1325 294 1393 oxu
330 1325 404 1396 Non
417 1327 453 1408 7)
474 1327 573 1417 liceat
594 1331 742 1396 concivio
756 1331 870 1412 secere
891 1331 932 1394 de
953 1331 1116 1410 confertis.

167 1431 244 1494 Non
274 1430 370 1492 licent
396 1430 581 1496 sacerdotes
601 1433 655 1494 vel
676 1430 809 1496 elericos
828 1433 888 1498 sed
909 1451 970 1498 nec
990 1430 1157 1514 religiosos
1178 1429 1240 1492 lai-
1296 1457 1298 1464 ·

71 1535 139 1583 cos
155 1514 192 1596 ⁵)
214 1513 360 1586 convivia
382 1517 487 1581 facere
510 1517 550 1580 de
572 1517 728 1584 confertis.
1044 1535 1159 1595 (monte.
1177 1537 1213 1583 os
1214 1535 1239 1596 J

288 1645 386 1708 uxu.
426 1645 479 1710 De
500 1649 604 1709 asmo
619 1643 677 1708 vel
695 1649 894 1729 negotionem
916 1646 1023 1712 leeris.

166 1747 205 1810 Si
237 1747 308 1826 quis
339 1748 454 1809 oblitus
484 1746 624 1809 timorem
660 1745 776 1811 domini
807 1757 841 1812 et
873 1759 1018 1814 sanctam
1050 1751 1236 1830 scripturam

68 1851 162 1915 quae
185 1832 281 1895 dicits
314 1833 376 1912 Qut
390 1836 563 1918 pecuniam
581 1853 670 1897 seam
691 1855 754 1902 noa
776 1835 866 1901 dedit
888 1837 933 1902 ad
952 1855 1080 1899 usuram
1094 1835 1138 1917 ⁶),
1160 1844 1235 1915 post

69 1921 163 1982 hanc
198 1916 410 2001 cognitionem
444 1920 551 2001 magui
582 1921 704 1982 concilii
737 1921 960 1984 foeneraverit
978 1929 1011 1984 et
1041 1921 1234 1982 centesimas

70 2002 229 2088 exegerit
262 2013 317 2066 aut
346 2024 387 2066 ex
415 2005 555 2104 quolibet
580 2003 711 2086 negotio
739 2009 840 2088 turpia
867 2009 953 2069 lucra
981 2003 1151 2087 quaesierit
1178 2012 1234 2068 aut

71 2111 139 2172 per
165 2089 308 2152 diversas
334 2091 462 2172 species
487 2087 552 2151 vini
572 2091 625 2151 vel
651 2091 731 2172 frug
702 2109 751 2154 tus
772 2092 825 2153 vel
847 2092 1014 2174 cujuslibet
1034 2091 1079 2152 rel
1098 2089 1234 2154 emendo

71 2176 136 2238 vel
152 2175 332 2239 vendendo
361 2177 464 2278 aliqua
480 2175 514 2254 ⁷)
548 2176 742 2240 incrementa
770 2115 970 2262 susceperit,
1000 2177 1173 2283 depositus
1192 2175 1234 2245 de

70 2259 181 2346 gradu
200 2281 277 2324 suo
275 2260 403 2325 ebenus
422 2262 576 2324 habeatur
597 2280 616 2326 a
637 2264 731 2368 clero.
1013 2277 1154 2342 [nicaen.
1175 2285 1208 2330 rr
1210 2283 1234 2342 J

101 2391 222 2454 thll.
264 2386 316 2453 De
337 2387 461 2453 clericis
483 2392 538 2473 qul
559 2390 604 2452 nd
622 2360 815 2455 merdinum
837 2397 870 2450 et
886 2388 920 2466 ⁸)
940 2393 1151 2474 vespertinum
1165 2390 1201 2471 7)

503 2495 567 2541 ooo
590 2479 722 2540 venient
740 2476 803 2554 ¹⁰).
995 2475 997 2477 ’
1282 2481 1284 2485 ’

163 2557 202 2623 Si
224 2559 294 2639 quis
314 2559 480 2641 presbyter
497 2563 551 2622 vel
572 2559 724 2622 diaconus
744 2562 797 2622 vel
817 2559 947 2639 quilibet
968 2561 1101 2623 clericus
1123 2560 1233 2625 ecole-

74 2646 149 2708 siae
176 2643 367 2725 deputatus,
393 2646 423 2706 si
450 2643 531 2708 intra
556 2645 720 2712 civitatem
745 2645 838 2708 fuerit
864 2651 918 2706 aut
946 2644 978 2704 in
999 2645 1137 2724 quolibet
1160 2647 1231 2708 loco

71 2732 105 2794 ln
140 2747 204 2811 quo
232 2730 371 2793 ecclesia
397 2737 472 2828 esta
496 2737 529 2792 et
557 2730 598 2793 ad
627 2730 838 2828 quotidianum
864 2727 1017 2809 psallendi
1044 2729 1233 2798 sacrificium
1291 2799 1295 2808 .

72 2813 240 2880 matutinis
260 2814 313 2878 vel
333 2812 524 2896 vespertinis
543 2813 628 2880 horis
649 2815 690 2878 ad
711 2812 880 2880 ecelesiam
901 2833 963 2886 non
984 2815 1133 2878 convenit
1119 2817 1232 2906 t,de-

71 2909 211 2983 ponatur
237 2919 258 2964 a
285 2901 390 2982 clero,
416 2902 446 2962 si
472 2908 577 2966 temen
598 2901 777 2986 castigatus
797 2901 923 2965 veniam
944 2902 983 2965 ab
1005 2861 1154 2983 episcopi),
1175 2923 1232 2986 per

70 2987 325 3052 satmiactionem
344 2984 478 3051 noluerit
498 2989 673 3068 promereri.
1028 3004 1170 3067 (roura,
1188 3009 1232 3069 s)
1307 3080 1309 3084 Α
1370 3007 1372 3012 ’

15 3089 19 3098 ¹
127 3115 244 3178 LXIV.
287 3111 362 3182 Non
377 3114 432 3195 ¹¹)
455 3113 554 3177 liceat
575 3112 705 3177 elericos
727 3115 888 3180 dominica
907 3108 959 3189 77)
982 3113 1022 3175 eb
1047 3115 1182 3184 ecelesia

159 3284 235 3347 Non
254 3283 351 3346 liceat
348 3286 533 3365 quemlibet
554 3201 772 3350 ongecqqqrqie
794 3281 1015 3362 domininon)
1030 3283 1069 3346 ab
1092 3285 1233 3351 ecclesia

74 3363 240 3436 absentem
256 3388 341 3452 esse,
356 3371 415 3434 sed
428 3373 593 3438 missarum
607 3372 799 3436 solemnibus
813 3371 969 3432 interesse
984 3367 1153 3518 qujqejqniq
1166 3371 1231 3517 1st

1057 3462 1084 3504 ol
1100 3471 1145 3505 ens
1170 3462 1206 3506 84

73 3535 178 3608 erV⁴.³
202 3539 344 3621 Noun)
360 3539 458 3603 diceet
479 3541 609 3604 elericos
630 3551 707 3605 ente
720 3542 836 3606 doram
857 3543 989 3604 tertiam
1003 3541 1164 3621 prendere
1176 3541 1229 3621 ¹⁴)

190 3647 251 3690 saec
270 3627 316 3690 cd
334 3647 474 3700 mercam
495 3628 644 3693 accedere
665 3623 716 3688 del
736 3628 880 3692 recedere
900 3629 971 3690 sine
992 3626 1114 3708 dymno.

160 3727 236 3791 Non
270 3737 393 3810 oportet
428 3729 562 3792 clericos
593 3731 647 3794 vel
678 3728 777 3792 laicos
807 3729 973 3824 religiosos
1005 3735 1080 3789 ente
1108 3746 1231 3792 sacram

14 3803 22 3822 ‘
77 3809 184 3876 boram
214 3814 276 3878 diei
304 3815 427 3878 tertiam
458 3815 534 3877 inlre
569 3815 739 3898 convitia,
770 3833 873 3897 neque
902 3811 1068 3913 aliquando
1096 3813 1231 3878 clericos

77 3897 140 3958 nisi
157 3899 272 3982 hymno
294 3899 379 3968 dicto
400 3899 495 3967 edere
521 3919 652 3993 panem,
679 3911 712 3964 et
738 3908 813 3987 post
844 3899 933 3967 eibos
961 3900 1120 3986 gratias
1108 3903 1229 3986 auctori

80 3979 141 4044 deo
159 3985 281 4052 referre.
489 4063 497 4079 .
956 4003 1086 4063 (neeriae
1103 3981 1221 4067 nenses}

78 4123 268 4144 m

120 4200 149 4269 1)
167 4207 223 4254 licet
239 4200 277 4260 M.
325 4233 362 4248 „-
433 4202 463 4271 ῒ)
480 4209 654 4254 meentelnros
671 4213 696 4256 el
713 4211 854 4254 contrarios
871 4210 993 4269 repeteres
1010 4207 1088 4271 int,
1107 4214 1222 4258 domnio-

147 4277 226 4322 icrtos
243 4279 366 4336 ltpalures
383 4273 412 4328 la
429 4291 465 4326 nr.
481 4273 521 4325 M.
554 4297 591 4310 -
649 4273 678 4338 ³)
696 4281 779 4325 neec
797 4283 928 4334 qnodoon
946 4278 983 4330 M.
1025 4305 1061 4318 -
1119 4276 1150 4340 ⁴)
1169 4293 1229 4329 con-

142 4349 209 4392 ctnlo
232 4341 270 4396 Μ.
323 4373 359 4383 --
434 4343 464 4412 ὅ)
481 4349 700 4398 sacerdotibus..
721 4349 844 4396 clericis
861 4353 1009 4410 reltpiosis
1026 4351 1098 4396 lalcis
1121 4345 1164 4404 M.
1192 4375 1228 4386 —

119 4409 147 4474 ⁸)
165 4409 262 4462 Psnlrn
277 4409 371 4477 15,e.
424 4443 460 4454 -
520 4411 650 4478 ⁷1⁸)oleun
673 4415 746 4466 deest
763 4432 805 4484 ap
830 4416 901 4478 Μ
919 4445 955 4455 ——
1014 4414 1160 4482 ⁸)oelM.
1194 4441 1229 4455 -

26 4489 34 4498 '·
120 4479 148 4544 7)
166 4487 276 4544 amdam
292 4449 353 4534 add.
371 4481 446 4560 int,
465 4490 632 4544 polleianum
650 4483 756 4536 addin
772 4481 1227 4550 m.M.J-10)coevennnrrr.

100 4547 147 4614 ¹¹)
164 4556 203 4602 De
220 4568 249 4603 eo
267 4560 333 4614 qood
348 4537 398 4604 ndo
415 4521 452 4604 M.
494 4578 529 4591 *-
570 4553 619 4621 1²)
638 4563 758 4607 donrlnieo
774 4557 813 4608 M.
853 4585 888 4597 -
929 4553 978 4620 1³)
997 4561 1134 4616 arpennum
1153 4553 1228 4606 deest

145 4633 186 4688 ap
204 4618 258 4688 M,
280 4637 329 4676 nec
348 4637 410 4675 rere
428 4623 456 4676 in
475 4622 594 4676 vatican.
630 4623 664 4663 ὲ
705 4625 754 4693 Η)
773 4627 859 4678 Verba
875 4639 950 4691 seqq.
969 4624 1064 4676 desunt
1082 4639 1124 4691 ap.
1138 4623 1176 4674 M.
1193 4652 1228 4664 -
