2864 5042
310 243 552 312 cosmum
578 208 989 312 nurmrmroaurrso.
1159 247 1225 316 aas

279 415 368 480 xrv.
387 460 391 468 .
411 415 463 480 no
483 418 554 499 qm
574 417 610 480 a
631 381 819 499 unsrun
839 416 1022 500 spernar.

159 503 232 564 Non
254 502 328 565 licet
349 503 381 564 in
401 501 584 583 baptisterio
604 521 733 594 corpora
751 505 887 584 sepeliri.

252 620 326 681 XV.
367 618 419 684 Ne
439 627 580 682 mortuus
600 605 696 702 supro
717 627 873 685 mortuum
894 623 1053 686 mittatur.

158 705 232 767 Non
252 705 328 767 licet
349 712 501 766 mortuum
522 721 617 785 super
637 712 788 765 mortuum
810 707 898 766 mitti.
1045 719 1048 726 ’

177 865 180 871 -
287 823 374 886 XVI.
417 822 470 886 De
491 822 713 885 obseruatione¹
730 824 797 884 diei
819 824 1009 888 dominicae.

158 907 232 969 Non
258 907 336 970 licet
363 908 413 971 (lie
440 907 593 969 dominIco
620 909 721 969 boves
738 906 872 990 jungere
893 910 948 970 vel
967 906 1028 971 alia
1049 927 1144 990 opera
1165 932 1224 974 cx·

68 1011 199 1074 arcere,
221 992 283 1054 ulsi
302 1013 357 1074 pro
378 990 485 1056 causis
506 992 687 1054 constitutis
705 992 746 1071 ¹).

249 1109 351 1171 XVII.
393 1109 479 1172 Dc'
465 1113 508 1172 ris
530 1113 585 1194 qui
605 1112 677 1173 sibi
672 1117 769 1172 mort
771 1131 819 1172 ern
840 1111 1049 1174 consciscunt.
1205 1171 1208 1180 ,

161 1191 356 1277 Quicumque
385 1215 422 1258 se
447 1196 570 1278 propria
591 1199 787 1258 voluntat'e
780 1217 808 1257 ιιι
837 1214 988 1276 aquamy
982 1195 1144 1261 actarerit
1170 1212 1225 1265 aut

71 1278 187 1342 collum
215 1279 361 1362 ligaverit
388 1289 442 1342 aut
471 1281 511 1342 de
541 1283 650 1342 albore
680 1281 933 1360 praecipitaverit
961 1289 1016 1343 aut
1042 1283 1122 1345 ferro
1151 1305 1224 1366 per-

71 1365 210 1426 cusserit
231 1375 286 1426 ant
308 1363 446 1445 qualibet
468 1367 635 1429 occasione
657 1367 850 1446 voluntarlae
871 1384 908 1427 sa
936 1366 1026 1429 morti
1054 1369 1224 1458 tradiderit,

68 1451 203 1512 Istorum
224 1451 338 1512 oblatio
357 1471 419 1512 non
439 1450 616 1534 recipiatur.

118 1569 235 1633 XVIII.
288 1567 331 1630 Ut
359 1568 533 1652 baptismus
559 1577 652 1632 entra
676 1569 799 1652 pcscbu
819 1571 884 1630 nise
878 1568 1098 1634 moribundis
1118 1593 1182 1636 non

547 1657 742 1735 mconserctur

159 1739 239 1836 Non·
254 1739 330 1802 lieet
351 1739 471 1820 absque
491 1741 651 1838 paschae
653 1739 850 1803 solemnitate
870 1737 933 1800 ullo
958 1747 1099 1822 tempere
1119 1741 1225 1823 bapti-

77 1844 165 1905 zare,
179 1823 240 1886 nisi
261 1821 331 1886 illos
353 1821 465 1906 quibus
486 1843 569 1887 mors
589 1825 695 1887 vicina
715 1832 766 1885 est
788 1841 867 1903 quos
887 1823 1083 1902 grabatarios
1102 1825 1225 1891 dicunt

76 1911 163 1990 quod
183 1911 296 1990 siquis
316 1911 348 1970 in
370 1910 430 1970 aIIo
452 1929 536 1992 pago
558 1911 755 1972 contumacia
775 1907 911 1968 iaciente
931 1918 1005 1988 post
1026 1909 1225 1974 interdictum

73 1997 139 2056 boc
154 1997 290 2056 irrsautes
304 2013 381 2056 suos
395 1993 435 2056 ad
445 1994 633 2074 baptismum
644 1990 813 2056 detulerit
803 2012 835 2053 ιιι
846 1993 1001 2054 eeclesias
1015 2004 1150 2073 nostras,
1162 2017 1224 2058 ιιοιι

74 2078 265 2161 recipiantur
285 2099 386 2160 usque
407 2079 448 2140 ad
468 2081 715 2141 satisfactionem
727 2077 777 2158 ²),
800 2086 834 2138 et
841 2079 1040 2158 quicumque
1061 2081 1226 2179 presbyter

74 2167 163 2246 Ipsos
185 2176 274 2228 extra
294 2173 433 2226 nostrum
441 2167 645 2263 permissum
664 2156 814 2244 recipere
841 2164 1102 2246 praesumpserit,¹
1127 2169 1225 2231 tribus

73 2252 235 2314 mensibus
255 2270 275 2315 a
295 2249 510 2314 communione
532 2252 689 2314 ecclcsiae
710 2258 928 2331 sequestratus
948 2251 1000 2312 sit.

95 2370 184 2432 XIX
221 2369 263 2431 Ut
283 2370 400 2431 missae
421 2390 445 2432 c
457 2368 583 2449 jejunis
605 2367 729 2432 clericis
751 2368 945 2433 celebrentur
965 2375 998 2429 et
1020 2369 1204 2438 audiantur.

154 2473 235 2536 Νοιι
268 2472 345 2534 licet
378 2473 564 2554 presbytero
599 2480 654 2536 sut
685 2471 818 2534 diacono
847 2477 903 2530 ant
930 2469 1133 2530 subdiacono
1152 2479 1226 2552 post

74 2566 242 2638 acceptum
269 2555 372 2620 cibum
394 2557 447 2618 vel
474 2556 620 2635 poculum
648 2557 765 2617 missas
790 2562 926 2616 tractare
953 2553 1066 2622 autin
1086 2557 1227 2645 ecclesia

74 2643 156 2704 dum
169 2641 286 2704 missae
307 2643 451 2704 dIcuntur
471 2650 565 2704 stare.

117 2760 193 2821 XX.
238 2759 281 2822 Ut
307 2759 557 2843 archipresbyter
583 2757 623 2820 de
645 2755 827 2818 clericomrn
847 2749 1017 2820 adulteriis
1038 2759 1183 2840 qriscopo

402 2844 454 2906 uel
474 2843 699 2906 archidiacono
721 2841 898 2902 denuntiet.

162 2925 254 3004 Quod
281 2927 309 2988 si
337 2931 518 3012 presbyter,
546 2927 629 3008 quod
656 2927 745 2986 nefas
773 2933 825 2986 est
846 2925 970 3028 dicere,
997 2928 1226 2998 subdiaconus

75 3019 132 3074 aut
158 3006 370 3092 subdiaconus
398 3022 472 3096 post
491 3021 668 3092 acceptam
700 3009 854 3070 benedict
834 3001 949 3070 trabem
981 3010 1116 3076 infantes
1150 3035 1227 3096 pro-

75 3098 233 3161 crearent
261 3108 317 3160 aut
336 3097 531 3180 adulterium
569 3094 783 3175 commiserit,
815 3103 849 3155 et
863 3095 1133 3193 archipresbyter
1163 3101 1226 3166 hoc

75 3184 227 3264 episcopo
254 3193 307 3245 aut
334 3183 551 3248 archidIacono
573 3201 634 3269 non
658 3181 823 3242 innotuerit
844 3179 872 3240 si
894 3179 956 3243 scit
961 3184 1121 3268 ‚integro
1143 3205 1225 3250 anno

75 3289 139 3330 ιιοιι
159 3269 384 3352 eommunicet,
412 3271 456 3332 illi
475 3288 552 3340 vcro
573 3265 627 3351 qui
647 3268 709 3330 boc
731 3267 941 3330 commiseriat
961 3269 1163 3349 deponmtur

191 3387 278 3449 XXI.
310 3387 352 3448 Ut
371 3387 479 3449 clerici
500 3387 667 3468 conjugati
689 3383 729 3444 nb
750 3381 899 3443 monem
921 3382 1114 3447 abstineant.

161 3471 234 3533 Nou
259 3473 336 3534 licet
355 3473 537 3553 presbytero
559 3479 632 3550 post
654 3474 819 3545 acceptam
841 3465 1119 3528 benedictionem·
1111 3489 1141 3534 ιιι
1164 3488 1225 3530 uno

75 3557 160 3617 lecto
182 3575 253 3619 cum
274 3559 458 3640 presbytera
474 3573 533 3618 sua
546 3551 677 3616 dormire
692 3569 753 3611 nec
767 3552 798 3610 iu
812 3559 946 3631 peccato
961 3553 1078 3672 carnali
1093 3554 1225 3666 ndscerI,

75 3659 136 3702 nec
157 3639 288 3708 diacono
310 3651 365 3715 sut
385 3641 586 3706 sudeacono.

75 3759 178 3822 XXII.
204 3757 351 3821 Relictoe
371 3759 481 3821 clerici
495 3765 572 3839 post
592 3757 661 3836 ejras
674 3759 807 3814 mortem
821 3749 918 3814 alteri
930 3751 1047 3816 nubere
1060 3772 1124 3815 non
1138 3751 1224 3820 licet.

131 3859 232 3922 ,Νοιι
252 3860 328 3920 licet
348 3859 476 3920 relictae
497 3857 673 3939 presbyteri
692 3872 754 3917 nec
773 3853 902 3916 relictae
923 3851 1047 3918 diaconi
1064 3873 1127 3919 uec
1147 3855 1226 3920 sub-

75 3943 203 4010 diaconi
219 3953 292 4024 pcst
313 3941 384 4022 ejus
404 3951 535 4008 ιιιοιιιιιιι
556 3943 701 4007 maritum
720 3940 875 4019 accipere

117 4062 233 4124 XXIII.
276 4061 328 4122 De
346 4079 454 4142 poena
481 4059 606 4121 obbatis
633 4059 690 4140 qui
713 4055 861 4118 monachi
882 4062 1022 4136 peccata
1041 4065 1100 4120 cut
1119 4075 1184 4121 non
1229 4095 1231 4104 ι

437 4144 583 4211 emendat
603 4151 662 4204 aut
681 4143 863 4203 dearmtim.

98 4253 105 4269 ¹
161 4230 198 4291 Si
217 4229 389 4292 monachus
409 4230 440 4290 in
461 4230 648 4290 monasterio
669 4228 852 4288 adulterIum
874 4225 1063 4288 commiserit
1083 4231 1138 4285 aut
1164 4241 1225 4303 ps-

74 4316 191 4378 culiare
213 4316 328 4378 habere
349 4315 592 4398 praesumpserit
613 4321 667 4376 aut
688 4313 801 4374 lurtum
822 4308 951 4391 secent,
979 4319 1013 4372 et
1037 4309 1100 4372 boc
1125 4310 1231 4372 abbas

115 4536 145 4602 ¹)
163 4536 268 4588 Dauni
283 4535 349 4588 baec
365 4537 444 4588 rerba
462 4544 512 4587 ont
528 4551 573 4597 pro
591 4551 660 4586 caus
678 4540 757 4583 coarat.
774 4529 803 4582 in
821 4533 888 4596 Reg.
906 4531 947 4594 Ι),
965 4545 990 4584 ιι.
1028 4555 1065 4572 ·-
1120 4531 1151 4598 ι)
1168 4534 1223 4585 De-

89 4655 90 4662 .
140 4610 204 4657 sunt
221 4605 287 4660 baec
303 4607 383 4660 verbs
399 4621 477 4667 usque
492 4613 528 4656 an
542 4611 626 4667 suut
643 4605 672 4656 in
677 4601 808 4678 ‘130ng
840 4629 877 4640 -
