2864 5042
354 251 596 323 coucuruu
621 221 937 322 clunaculum.
1056 333 1058 340 y
1159 249 1225 320 mr

74 431 177 496 xm.
214 427 261 492 Ut
282 427 387 492 ratus
407 427 556 491 mutem
569 428 717 491 'alimum
735 429 878 490 retineat
898 445 957 488 nco
978 421 1106 488 meimet
1125 425 1196 486 aine

443 516 583 596 episcopi
602 517 655 576 ror·
675 513 849 577 calceate.
898 519 900 526 “
1010 561 1030 594 ·.

148 601 196 665 Ut
210 600 314 666 nullus
329 598 457 666 alterius
475 601 622 664 clericum
644 599 787 672 retinere·
798 603 988 680 praesumat,
1008 595 1092 662 sicut
1111 590 1227 674 priscis

44 694 113 750 est
137 687 318 756 canonibus
339 692 503 766 statutum,
523 705 585 750 nec
606 684 646 748 ad
667 703 792 749 sacrum
812 683 951 762 ordinem
972 682 1042 748 sine
1063 680 1227 754 voluntate

47 772 213 854 episcopi
235 769 286 836 sui
305 771 433 853 penitus
452 791 645 853 promovere.
1141 784 1144 791 ·

96 874 197 939 XIV.
236 875 290 937 Da
310 875 461 936 carata
476 893 538 956 per
558 873 653 936 uillae
668 878 852 955 potantum,
875 879 912 934 ut
934 871 1043 934 clerici
1063 870 1120 954 qui
1140 867 1191 932 his

176 1017 179 1022 .
244 961 427 1023 dormiant
447 960 484 1020 r’a
503 961 645 1041 episcopi
666 959 767 1020 libera
787 959 855 1020 adut
871 964 1045 1039 potestate.
1217 978 1220 987 ·

134 1043 308 1107 *Nonnulli
339 1063 382 1106 ex
416 1043 560 1106 fratribus
587 1054 621 1106 ct
649 1045 848 1125 mspircopis
872 1043 991 1106 nostris
1016 1037 1227 1106 residentibus

55 1129 162 1192 nobis
193 1127 225 1200 in
251 1137 366 1192 sancta
394 1129 515 1212 synodo
537 1130 568 1192 iu
587 1127 809 1211 querimoniam
830 1127 1026 1208 detulerunt,
1047 1123 1131 1208 quod
1151 1143 1227 1186 ora·

58 1217 153 1280 toria
184 1231 240 1296 per
268 1215 361 1276 villas
392 1222 556 1295 potentum
583 1212 649 1294 jam
682 1215 778 1296 longo
806 1221 990 1278 constructa
1020 1220 1162 1291 temporo
1193 1215 1228 1271 et

58 1301 245 1364 facultates
276 1298 393 1364 itidem
426 1301 559 1362 cothus
594 1297 656 1380 ipsi
688 1318 818 1380 quonum
844 1299 940 1362 uillae
966 1306 1040 1361 runt
1067 1294 1228 1377 episcopis

61 1384 308 1466 contradicant,
339 1393 373 1447 et
397 1383 462 1464 jam
490 1403 551 1448 nec
578 1388 668 1465 ipsos
692 1385 825 1448 clericos
846 1385 900 1465 qui
926 1383 967 1447 ad
993 1384 1066 1464 ipsa
1093 1380 1228 1442 motoria

63 1471 256 1552 deserviunt
272 1471 324 1539 rab,
337 1469 558 1543 archidiacono
576 1471 717 1540 coerceri
737 1470 935 1560 pemittant:
966 1467 1049 1550 quod
1077 1465 1229 1530 convenit

65 1553 247 1638 emendari,
272 1557 319 1618 ita
339 1555 495 1620 duntaxat
515 1565 550 1618 ut
571 1557 603 1618 in
624 1555 787 1641 po'testa'te
807 1559 849 1618 sit
871 1553 1027 1640 episcopi,
1057 1547 1153 1614 et'dc
1174 1569 1228 1610 or·

66 1639 232 1704 clinatione
258 1642 442 1706 clericorum
470 1650 503 1704 et
529 1639 570 1704 de
592 1638 744 1704 facultate
763 1640 876 1704 ibidem
898 1639 1012 1703 collata
1032 1635 1165 1720 qualiter
1185 1632 1227 1697 ad

68 1727 145 1808 ipsa
159 1726 293 1791 oratoria
306 1736 340 1790 et
353 1727 488 1791 officium
503 1724 640 1811 divinum
655 1725 757 1812 possit
776 1724 896 1808 impleri
916 1735 950 1788 et
969 1741 1063 1787 sacra
1083 1719 1229 1782 libamina

71 1813 265 1875 consecrari.
304 1809 396 1890 Quod
417 1809 536 1898 siquis
557 1811 797 1894 contradixerit,
822 1812 914 1894 juxta
940 1809 1064 1892 priscos
1089 1810 1229 1868 canones

65 1899 289 1962 communione
307 1897 459 1980 privetur.¹
699 1904 700 1909 ’
1189 1901 1192 1911 ’

67 2001 149 2066 XV.
181 2000 224 2063 Ut
246 2000 376 2063 abbates
398 2007 431 2062 ct
451 1999 599 2061 monachi
624 1997 783 2060 euremari
802 1997 988 2080 patrocinio
1009 2013 1073 2056 non
1094 1998 1230 2056 edantur

176 2092 210 2148 ct
225 2087 405 2166 principem
425 2087 496 2146 cios
517 2086 658 2166 episcopi
677 2085 729 2145 sur·
742 2085 901 2166 peroniaco
920 2099 984 2144 non
1005 2079 1136 2142 odeum.

161 2171 206 2234 Ut
233 2172 365 2234 abbates
386 2177 420 2232 et
439 2167 584 2232 monachi
605 2177 661 2232 aut
680 2175 817 2255 agentes
837 2164 1092 2229 monasteriorum
1119 2171 1230 2246 patro-

75 2254 160 2318 cinio
181 2257 335 2318 saeculari
356 2257 482 2336 penitus
504 2274 564 2317 uon
591 2262 733 2334 utantur,
760 2272 822 2316 nco
847 2251 888 2318 ad
908 2253 1055 2334 principis
1075 2269 1230 2334 praesen-

73 2343 151 2403 tiam
180 2343 249 2404 sinc
279 2338 422 2422 episcopi
450 2340 500 2402 sui
520 2341 683 2422 pennissu
711 2340 867 2402 ambulare
898 2337 1053 2402 audeant:
1089 2336 1172 2421 qnod
1200 2336 1230 2399 si

75 2427 210 2491 fecerint
232 2447 252 2488 a
271 2425 522 2510 suisepiscopis
539 2425 855 2501 excommunicentur.
885 2490 891 2500 ,
983 2453 1001 2515 s
1037 2471 1043 2483 .

88 2529 178 2592 xtu.
202 2528 245 2591 Ut
263 2523 353 2591 nemo
375 2528 421 2590 od
438 2513 545 2589 sacros
566 2528 692 2588 ordinae
707 2547 769 2608 per
783 2526 964 2608 praemium
978 2531 1215 2606 pronascatur.

164 2615 208 2676 Ut
237 2615 338 2676 nullus
366 2615 536 2695 episcopus
564 2631 667 2694 neque
691 2611 861 2693 presbyter
880 2611 933 2672 vel
953 2609 1054 2670 abbas
1079 2629 1139 2671 seu
1160 2610 1231 2672 dia·
1285 2675 1287 2682 ,

77 2717 178 2763 conus
197 2719 255 2780 per
275 2698 443 2782 praemium
459 2695 505 2760 ‚ad
525 2715 648 2782 sacrum
664 2697 800 2762 ordinem
815 2694 926 2768 amodo
939 2695 1066 2776 penitus
1080 2695 1230 2757 accedat:

78 2784 160 2868 qnod
189 2787 218 2848 si
244 2785 372 2866 lecerit,
399 2781 470 2865 ipso
498 2783 616 2846 honore
643 2787 735 2866 quem
761 2782 908 2863 praesuiis
934 2785 1115 2860 comparare
1136 2799 1232 2862 praee

78 2870 245 2952 sumpserit
263 2871 387 2932 manum
409 2868 555 2950 priscum.
663 2914 666 2924 .
1042 2905 1044 2912 -
1219 2860 1225 2895 ²

103 2973 204 3036 xvu.
235 2971 280 3036 tu
300 2971 404 3034 uultur
425 2969 638 3034 emanassent
656 2971 695 3032 tra
708 2969 848 3032 »cmlmr'c
869 2967 921 3032 oei
940 2969 976 3030 ὄπ
994 2967 1100 3050 ‘ipsius
1118 2963 1205 3031 atrio
1225 2981 1230 2996 ¹

232 3055 416 3120 scandulum
437 3065 496 3119 aut
516 3055 696 3118 simultates
717 3058 860 3118 circitare
874 3061 1081 3138 pronomem
1216 3072 1230 3087 ··
1290 3084 1291 3087 ¹

163 3143 205 3204 Et
232 3146 304 3226 quia
332 3145 429 3207 multa
452 3163 511 3228 per
537 3143 819 3226 praesumptionem
846 3143 1033 3224 proveniunt
1048 3158 1141 3223 oum
1170 3139 1231 3203 deo

82 3228 182 3289 minus
202 3229 316 3310 placita
337 3238 371 3291 et
390 3229 490 3290 sacris
511 3228 682 3290 canonibus
702 3227 848 3290 videntur
868 3246 943 3291 esse
964 3228 1129 3307 contraria,
1149 3245 1232 3307 quae

81 3333 103 3374 a
122 3313 335 3376 sacerdotibus
356 3333 491 3376 neccsse
512 3323 563 3379 cst
583 3314 731 3394 coerceri,
752 3313 798 3374 itu
811 3321 925 3375 sancta
940 3311 1081 3393 synodus
1096 3309 1232 3372 instituit

81 3409 118 3460 ut
145 3399 245 3462 nullus
271 3397 475 3462 saecularium
503 3419 563 3464 nec
591 3399 621 3459 in
650 3397 788 3459 ecclesia
813 3415 875 3459 uec
901 3395 978 3456 infra
1000 3395 1110 3456 atrium
1132 3393 1232 3473 ipsius

83 3485 237 3547 ecclesiae
264 3486 490 3568 qualecumque
518 3483 699 3546 scandalum
729 3489 784 3543 aut
811 3479 988 3542 simultates
1016 3479 1142 3560 penitus
1171 3497 1233 3554 err-7

84 3572 179 3632 citare
205 3579 399 3651 praesumat,
427 3587 488 3631 nec
517 3587 601 3630 arma
627 3566 750 3629 trahere
772 3574 827 3628 aut
848 3582 1075 3648 quemcumque
1098 3561 1138 3625 ad
1158 3563 1231 3625 vul-

85 3655 249 3717 nerandum
278 3657 331 3717 vel
359 3651 604 3717 interficiendum
633 3651 762 3734 penitus
794 3659 964 3732 appetere:
994 3647 1076 3731 quod
1103 3646 1131 3710 si
1160 3649 1230 3729 quis

86 3741 217 3802 uolasse
238 3741 492 3822 praesumpserit,
513 3741 552 3801 ab
574 3739 724 3820 episcopo
745 3737 806 3798 loci
827 3737 908 3798 illius
929 3733 982 3797 uhi
1001 3735 1119 3798 factum
1139 3733 1233 3798 fucrit

84 3825 150 3908 ipsc
166 3824 257 3906 juxta
277 3835 397 3889 statuta
418 3843 570 3888 canonum
592 3819 808 3887 communione
830 3818 983 3905 privetur„

132 3945 245 4008 xvul.
291 3943 334 4006 Ut
363 3944 417 4005 die
446 3943 605 4006 dominico
631 3939 755 4004 ruralia
783 3959 879 4022 opera
907 3958 998 4002 mmo
1025 3946 1183 4002 comest.

168 4031 259 4094 hicet
274 4030 462 4112 generaliter
476 4029 515 4090 ah
537 4029 680 4091 omnibus
699 4024 862 4088 catholicis
884 4033 918 4086 et
937 4023 1031 4088 deum
1051 4025 1232 4088 timentibus

88 4113 165 4176 diem
180 4111 368 4178 dominicum
390 4111 475 4196 quod
494 4121 546 4176 cst
565 4108 662 4192 pnma
683 4111 806 4176 sabbati
826 4112 976 4175 convenit
996 4109 1175 4189 observari,
1195 4116 1231 4172 et

87 4199 167 4264 sieut
185 4201 216 4262 in
238 4200 448 4279 superioribus
468 4199 640 4263 mamitus
662 4203 715 4258 est
734 4205 907 4276 statutum,
932 4214 995 4262 uou
1020 4194 1136 4277 aliquid
1156 4196 1231 4260 mvi

90 4283 256 4352 omhmm
279 4283 342 4350 sed
368 4293 480 4352 uetera
497 4289 697 4350 renovantes
720 4279 935 4368 iustitohnqs,
962 4291 999 4347 ut
1021 4282 1055 4342 in
1082 4281 1152 4361 ipso
1179 4279 1232 4346 dic

88 4369 233 4432 dominico
260 4370 371 4432 ruralia
398 4386 510 4450 opera,
536 4369 640 4430 idest
666 4384 770 4449 arare,
797 4386 927 4450 secare,
955 4384 1079 4429 messos
1100 4375 1234 4448 metere,

89 4463 208 4516 exortos
229 4455 334 4516 facere
353 4455 407 4516 vel
429 4452 574 4536 quidquid
597 4451 636 4514 ad
658 4450 737 4514 ruris
764 4453 917 4525 culturam
943 4451 1097 4534 pertinet,
1126 4455 1230 4532 trullus

91 4539 206 4620 penitus
229 4548 422 4620 pracsmnat:
445 4538 526 4621 quod
549 4539 601 4617 qui
621 4535 770 4600 inventus
790 4539 881 4603 luerit
901 4535 1033 4620 faciens,
1051 4539 1110 4602 sub
1132 4537 1231 4608 disci-

93 4625 169 4707 plina
188 4623 391 4690 districtionis
413 4623 595 4688 omnimodis
616 4623 795 4707 cohigatur.
