2858 5036
172 314 207 346 „
262 259 266 267 ·
326 227 950 332 cuucmmuuuaeuunusum
1104 343 1107 347 ,
1169 220 1269 395 ss,

51 421 202 490 earnium
234 422 415 506 capulatus
449 434 593 491 meumst
619 427 672 492 ubi
700 427 807 495 divim
834 431 924 498 visus
951 444 1004 502 est
1029 441 1211 510 celebrasse

55 507 233 593 mysteria,
259 517 295 574 et
320 510 353 572 in
378 508 492 592 quium
512 517 622 576 motae
641 514 687 578 rei
705 527 936 584 sacmmeutam
954 541 1013 604 pro
1032 527 1212 608 expiatione

53 595 244 658 delicturum
276 593 420 676 percepit
433 594 467 674 ¹)
496 595 528 660 in
556 597 607 662 his
634 601 761 682 expleat
784 603 979 670 voluntatem
1006 609 1125 692 ludibrii
1150 617 1210 682 sui

54 682 100 744 Et
120 677 196 744 ideo
216 677 309 760 hujus
331 677 372 742 de
397 688 505 744 cetero
523 683 785 767 praesumptionis
797 700 955 773 persona,
977 712 1059 777 quae
1079 699 1209 768 sciendo

55 763 168 828 divina
196 768 277 828 vaso*
305 765 359 828 vel
374 763 557 836 *ministeria
586 771 699 832 autin
726 781 805 835 usus
834 793 912 839 suos
941 783 1132 855 transtulerit
1156 785 1211 849 aul

58 849 228 916 comedero
249 851 281 911 iu
301 849 353 914 his·
372 850 425 913 vel
445 851 592 932 ppeulum
618 851 678 916 sibi
704 857 888 923 sumendum
915 863 1066 948 elegerit,
1092 870 1211 950 gradus

61 933 116 1000 sui
136 935 188 998 vel
208 933 306 998 officii
324 935 495 1019 perieulum
515 935 702 1022 sustinebit3
729 939 774 1006 ita'
799 951 905 1008 tamen
925 957 961 1011 ut
981 951 1011 1013 si
1031 949 1072 1015 de
1092 971 1212 1020 saecu·

59 1020 178 1084 laribus
201 1019 313 1102 uerit,
339 1029 493 1102 perpetua
520 1026 841 1092 excommunicatione
868 1031 1050 1120 damnetur3
1078 1037 1105 1101 si
1132 1061 1210 1104 vero

59 1105 247 1190 religiosus,
271 1105 315 1174 ¹ab
342 1104 444 1170 allicio
471 1106 663 1195 deponatur3
692 1114 751 1176 sub
775 1114 837 1178 hac
858 1135 982 1202 quoque
1003 1119 1212 1190 damnationis
1330 1167 1336 1177 ‹

58 1191 219 1254 sententia
244 1199 277 1254 et
302 1187 347 1260 illi
378 1192 504 1254 obnoxii
536 1197 741 1279 tenebuntur,
781 1197 835 1281 qui
865 1203 1085 1273 ecelesiastica
1116 1229 1211 1276 orno-.-

57 1285 181 1356 menta,
202 1276 277 1340 vela
295 1276 348 1338 vel
370 1278 532 1360 quaelibet·
548 1281 610 1342 alia
629 1281 810 1347 indumenta
830 1295 928 1368 atque·
947 1293 1043 1355 etiam
1063 1297 1211 1360 utensilia

58 1361 201 1426 sciendo⁴
227 1360 259 1424 iu
297 1379 376 1424 usus
411 1381 490 1428 suos
525 1363 738 1433 transtulerint
772 1369 825 1433 vel
857 1374 927 1437 aliis
958 1377 1125 1444 vendendo
1156 1383 1210 1446 vel

58 1445 163 1512 danda
175 1445 213 1527 ²)
230 1444 427 1512 credideriut.
1199 1475 1203 1480 ’

114 1574 168 1636 111.
210 1569 262 1641 Ne
288 1574 436 1638 secedas
460 1577 531 1640 siue
558 1581 664 1642 orario
690 1583 819 1646 missam
845 1587 966 1652 audeat
985 1590 1153 1658 celebrare.

154 1657 237 1736 Cum
271 1660 400 1743 antiqua
433 1667 466 1724 et
480 1659 514 1740 ⁸)
544 1662 766 1742 ecelesiastica
799 1673 981 1743 noverimus
1013 1676 1212 1742 institutione

56 1743 250 1826 praefixum,
279 1753 316 1808 ut
343 1743 446 1808 omnis
470 1746 622 1812 sacerdes
653 1769 726 1814 cum
757 1751 914 1820 ordinatur
942 1762 1041 1824 orario
1077 1771 1210 1846 utroque

57 1827 188 1894 humero
207 1829 368 1911 ambiatur,
388 1831 512 1895 scilicet
533 1841 569 1896 ut
589 1833 642 1914 qui
660 1831 901 1918 imperturbatus
921 1843 1110 1928 praecipitur
1130 1865 1212 1910 eou-

58 1917 176 1978 sistere
203 1915 283 1978 inter
310 1934 460 1996 prospero
481 1927 514 1980 et
534 1917 688 2002 adversa,
714 1921 863 1986 virtutum
883 1943 1010 2009 semper
1029 1941 1212 1995 ornamento
1317 1949 1319 1954 ’

57 2000 224 2080 utrobique
238 1998 274 2079 ⁴)
293 2001 523 2081 circumseptus
543 2013 703 2085 appareat,
725 2023 787 2086 qua
806 2006 927 2072 ratione
947 2019 1089 2095 tempore
1110 2018 1214 2080 saen-

57 2085 126 2148 ficii
151 2103 215 2146 nou
243 2093 385 2149 assumat
410 2084 493 2166 quod
520 2104 558 2150 se
577 2087 610 2148 iu
630 2099 828 2154 sacramento
849 2097 1016 2178 accepisse
1036 2119 1098 2163 non
1120 2099 1213 2164 dubi-

58 2178 110 2234 tat
124 2163 186 2248 ⁵Ji
225 2169 360 2234 Proinde
391 2169 493 2246 modis
523 2172 667 2235 omuibus
697 2177 865 2262 convenit,
896 2189 933 2243 ut
963 2182 1047 2264 quod
1078 2183 1213 2268 quisque

58 2255 205 2338 percepit
227 2255 261 2317 in
287 2256 526 2320 consecratione
551 2256 678 2337 honoris
709 2261 772 2324 hoe
787 2261 822 2344 ⁰)
848 2265 987 2331 retentet
1001 2267 1036 2349 ⁷)
1061 2271 1095 2334 in
1121 2273 1214 2338 obla-

60 2343 148 2406 tione
174 2339 229 2402 vel
253 2341 456 2424 perceptione
481 2359 560 2406 suae
586 2344 719 2430 salutis3
749 2349 873 2412 seilicet
900 2359 935 2414 ut
962 2373 1034 2418 cum
1061 2358 1215 2422 sacerdos

61 2426 104 2490 ad
131 2421 283 2488 solemnia
308 2425 472 2488 missamm
499 2426 624 2491 aceedit
652 2438 709 2493 aut
735 2449 792 2511 per
806 2432 853 2512 ⁸),
869 2455 906 2498 se
935 2435 995 2501 deo
1023 2440 1215 2506 sacrificium
1241 2479 1246 2498 s

60 2511 221 2586 oblatums
248 2516 303 2572 aut
327 2519 556 2576 sacramentum
582 2515 722 2594 corporis
742 2525 777 2578 et
796 2520 960 2601 sauguinis
979 2524 1095 2586 demini
1113 2527 1215 2590 nostri

62 2599 148 2662 Jesu
174 2592 293 2658 Christi
318 2605 514 2678 sumpturus,
542 2615 604 2660 nou
625 2599 716 2661 aliter
736 2601 872 2665 accedat
891 2623 985 2686 quam
1006 2610 1103 2671 orado
1123 2617 1215 2676 utro-

62 2701 127 2764 que
153 2681 280 2743 humero
308 2681 558 2763 circumseptus,
585 2682 668 2746 sieut
695 2691 728 2746 et
750 2694 890 2768 tempore
911 2689 1113 2756 ordinationis
1133 2713 1215 2758 suae

66 2765 263 2849 dignoscitur
287 2775 507 2848 consecratus,
536 2767 583 2830 ita
607 2775 645 2830 ut
672 2767 713 2848 de
739 2789 801 2833 uuo
830 2772 1003 2858 eodemque
1023 2777 1122 2842 orario
1143 2799 1218 2846 cer-

63 2853 169 2915 vicem
194 2850 310 2933 pariter
334 2859 369 2912 et
394 2860 559 2934 utrumque
584 2853 743 2918 humerum
769 2876 915 2936 premens
941 2862 1067 2946 signum
1094 2865 1125 2927 iu
1155 2885 1215 2932 suo

65 2945 197 3020 pectore
224 2935 382 3016 praeferat
395 2936 429 3015 9)
456 2938 568 3000 crucis.
620 2935 657 3001 si
678 2942 877 3023 quisautem
897 2947 988 3010 aliter
1007 2951 1126 3036 egerit,
1153 2971 1216 3017 ex.

64 3017 336 3086 communicationi
357 3019 482 3085 debitae
503 3021 685 3103 subjacebit.

87 3147 146 3214 1v.
186 3143 238 3214 Ne
257 3148 437 3212 sacerdotes
457 3150 526 3212 siae
547 3151 731 3234 quicumque
751 3173 792 3216 ea
813 3155 895 3220 clero
915 3161 985 3224 sine
1006 3164 1190 3229 testimonio

230 3247 233 3258 ¹
327 3252 398 3296 eum
419 3231 608 3318 quibuslibet
621 3236 778 3316 foeminis
798 3239 954 3307 babitaret.

150 3314 347 3400 Quamquam
368 3321 496 3401 antiqua
516 3338 669 3384 canonum
690 3323 843 3388 institutio
865 3328 905 3388 de
926 3329 1102 3410 hujusmodi
1122 3352 1219 3413 prae·
1316 3338 1321 3362 '

68 3403 245 3483 sumptione
266 3402 427 3466 absolutas
448 3411 483 3466 et
495 3407 684 3486 multiplices
698 3406 878 3488 disciplinas
893 3421 989 3495 atque
1003 3417 1219 3482 institutiones

69 3487 209 3569 ediderit,
229 3505 288 3549 nos
309 3496 413 3551 tamen
433 3487 597 3554 brevitatis
617 3509 716 3552 eausa
737 3510 859 3555 omnem
880 3495 1051 3562 fornicandi
1071 3505 1219 3566 occasio·

68 3591 139 3635 nem
169 3569 335 3654 cupientes
362 3573 481 3636 auferre
509 3572 553 3636 id¹
571 3575 745 3639 omnimoda
772 3579 931 3644 sancimus
958 3583 1145 3648 auctoritate
1166 3595 1219 3650 te-

69 3657 220 3739 nendum,
248 3666 284 3720 ut
303 3657 406 3721 nullus
427 3658 625 3723 sacerdotum
648 3661 718 3723 sive
740 3663 880 3747 quisquis
900 3667 952 3727 ille
974 3666 1014 3730 de
1036 3672 1120 3734 clero
1141 3675 1220 3737 abs·

56 3761 130 3824 ,que
150 3743 286 3806 honesto
308 3751 342 3804 et
362 3747 552 3824 competenti
574 3747 761 3827 testimonio,
782 3745 918 3832 excepta
932 3753 1001 3816 solo
1017 3765 1125 3840 matre,
1147 3777 1219 3822 cum

72 3826 257 3908 quibuslibet
277 3825 421 3890 foeminis
442 3829 566 3892 secrete'
587 3849 625 3893 se
644 3843 826 3912 praesumat
845 3832 1025 3922 adjungere,
1042 3861 1105 3904 nou
1119 3845 1221 3909 solum

73 3931 140 3975 cum
168 3913 327 3976 extraneis
353 3910 549 3996 mulieribus,
579 3913 638 3978 sed
666 3935 728 3981 nee
743 3918 798 3998 ¹⁰)
831 3915 910 4003 ipsis
941 3925 1035 3988 etiam
1063 3931 1221 3996 sororibus

69 3999 121 4074 ,vel
142 3997 338 4080 propinquis,
359 3999 400 4061 ue
421 3995 549 4064 licentia
569 4019 708 4064 sororum
727 4004 780 4066 vel
799 4007 1038 4089 propinquarum
1059 4017 1221 4079 mulierum

75 4079 212 4164 quisquis
240 4083 294 4144 ille
321 4083 516 4164 solutus11)
544 4087 719 4150 familiarior
744 4088 897 4155 habeatur
921 4094 963 4159 ad
981 4102 1222 4180 perpetrandum

113 4283 142 4350 ¹)
164 4292 192 4336 trr
214 4291 303 4345 mooe
327 4291 422 4336 tontum
444 4293 492 4336 etot
515 4291 602 4348 offeri-t
624 4297 783 4340 soor'arrreete
805 4309 850 4353 pre
874 4313 931 4360 esp.
950 4285 1032 4352 delict.
1050 4310 1177 4364 proecepit
1194 4301 1222 4356 in

139 4352 229 4407 m.=M.
269 4371 307 4394 -ι-
354 4353 385 4422 ²)
403 4361 519 4407 aenaeae
537 4355 620 4408 codd.
638 4357 716 4426 Hisp.
734 4357 852 4426 (praeter
867 4365 927 4435 A.),
946 4376 975 4422 et
990 4371 1026 4421 M.
1068 4397 1104 4409 -
1152 4373 1181 4442 a)
1200 4383 1225 4425 ει

140 4423 216 4480 (letti
238 4431 285 4492 '³1¹2
305 4421 343 4475 Μ·
394 4453 431 4464 -
488 4424 519 4493 ⁴)
536 4435 654 4488 titoque,
678 4431 710 4479 ³¹·
728 4437 862 4498 vitiositae,
886 4439 947 4490 add.
964 4453 1029 4490 voce
1045 4445 1146 4492 boemro
1164 4449 1225 4512 post

140 4502 274 4556 appareat,
291 4493 321 4545 in
337 4493 516 4546 m.M.·—-
574 4496 603 4559 ⁸)
627 4505 754 4550 dubitetur
775 4501 812 4554 M.
864 4537 900 4547 -.
959 4508 989 4576 o)
1011 4513 1058 4559 poc
1075 4519 1100 4562 ep
1116 4511 1153 4562 Μ,
1188 4540 1224 4551 -

116 4561 144 4628 Ι’)
160 4573 187 4614 to
205 4579 314 4616 conseer.
334 4570 447 4626 reema,
470 4573 517 4615 tec
538 4571 644 4618 retineat
667 4575 692 4620 et
708 4567 742 4620 ¹irr
762 4587 795 4622 ιιι.
812 4573 850 4626 Μ.
902 4604 938 4614 --
999 4577 1028 4645 a)
1050 4597 1096 4641 pro
1119 4581 1156 4631 Μ,
1190 4610 1226 4620 -

116 4631 144 4704 Ρ)
160 4642 293 4696 praevaret
310 4633 347 4684 Μ.
369 4653 429 4708 ,·-,
456 4633 506 4702 1⁰)
525 4649 580 4686 eaor
597 4636 656 4688 add.
674 4638 711 4691 M.
724 4689 726 4698 ,
740 4667 776 4680 -
813 4643 862 4710 Η)
881 4653 991 4705 potesate
1008 4655 1077 4724 soloe
1094 4649 1121 4700 in
1138 4667 1171 4699 m.
1189 4649 1225 4700 lt.

967 4730 1022 4792 741
