2868 5040
182 175 255 249 ata
424 167 667 247 commum
691 169 1031 258 tfflsstbwltfltl
1051 173 1094 238 v,

211 341 300 416 ΧΝ.
330 339 445 412 Natu
469 340 622 410 erbam
642 341 775 425 alteim
795 345 890 425 regni
910 341 962 406 cal
981 343 1044 411 teet
1062 363 1113 408 raa
1126 349 1225 427 petae
1246 355 1308 410 ont

570 436 757 512 praecurrant
779 431 934 510 accipere.

270 529 442 599 titubas
469 529 687 611 opiscoporum
713 537 769 592 aut
797 529 964 610 cujuslibet
1127 532 1264 596 clariano
1283 534 1340 596 vel

185 621 247 684 alia
267 633 485 700 quaecumque
510 633 646 695 persona
673 612 863 696 quibuslibet
889 614 1007 679 conditi
1049 614 1056 627 '
1078 635 1118 694 ns
1137 635 1197 680 seu
1219 618 1253 680 in
1273 637 1340 682 uno

185 702 247 768 alio
267 697 391 786 positus
412 699 540 762 alterins
562 697 787 782 cujuscumque
814 697 972 764 ecclcsiae
999 720 1051 764 res
1079 709 1134 764 aut
1160 710 1257 782 petat
1281 711 1341 766 aut

185 792 367 872 praesumat
387 785 551 864 accipere:
582 781 717 865 quodsi
737 775 1011 866 fecerit,‘tamdiu
1032 783 1186 849 habeatur
1204 804 1226 849 a
1247 789 1341 850 corn-

91 907 95 916 ·
187 873 333 952 munione
353 869 461 934 altaris
479 867 534 931 vel
554 869 689 934 omnium
710 865 836 932 fratrum
856 887 895 932 ac
908 869 1039 934 liliorum
1053 869 1182 934 caritate
1196 890 1342 953 suspen-

186 977 260 1038 sus,
290 955 392 1021 donoc
420 951 480 1032 ipsi
510 952 686 1034 ecclesiae,
717 948 808 1038 cujus
837 952 957 1020 duecte
985 951 1092 1020 ordine
1116 953 1197 1038 juris
1214 955 1248 1036 ¹)
1277 965 1341 1040 est,

185 1042 292 1122 ablata
311 1037 459 1104 restituat
472 1033 516 1118 ²).
1098 1036 1107 1046 '

227 1155 302 1223 xv.
337 1155 396 1220 pp,
421 1157 616 1222 summitto
646 1157 729 1242 qnod
757 1156 978 1222 otttmterm
998 1177 1057 1222 rea
1082 1177 1153 1222 aaut
1177 1161 1297 1242 ugone

477 1244 611 1327 can‘ags
631 1262 690 1306 aaa
710 1244 862 1327 toga-rt
882 1245 1037 1308 condidit.

271 1345 322 1408 Do
343 1343 538 1408 xenodochio
559 1361 650 1426 vero,
675 1343 758 1425 quod
784 1347 943 1427 piissimus
963 1365 1019 1408 rex
1039 1343 1264 1408 Childebertus
1283 1346 1338 1407 vel

182 1431 310 1580 tiit
330 1429 1337 1606 ttlltlttfbttttttelttlttlttl‘lttttfft

185 1599 339 1670 rationem
361 1600 543 1684 petentibus
569 1597 649 1680 ipsis
669 1615 815 1662 manuum
835 1610 1008 1663 nostrarum
1029 1601 1259 1680 subscriptione
1281 1601 1337 1662 fir·

185 1685 357 1766 movimus,
384 1680 487 1746 visum
514 1691 566 1746 est
593 1700 649 1764 pro
673 1683 725 1746 dei
752 1685 1014 1766 contemplatione
1037 1684 1157 1765 junctis
1183 1685 1276 1746 uobis
1303 1687 1335 1764 in

186 1791 283 1834 uuum
306 1787 509 1853 permansura
536 1767 722 1833 auctoritate
749 1767 933 1849 decernere,
963 1775 998 1832 ut
1024 1767 1171 1850 quidquid
1187 1765 1335 1850 'praefato

61 1908 68 1914 .
186 1854 383 1920 xenodochio
412 1862 468 1918 aut
492 1873 549 1934 per
575 1851 819 1934 supradictomm
845 1873 955 1936 rogum
981 1853 1167 1916 oblationem
1194 1863 1252 1916 aut
1279 1875 1337 1934 per

188 1958 452 2026 quorumcumque
471 1936 608 2002 fidolium
628 1939 860 2022 eleemosynam
882 1941 1028 2002 collatum
1043 1940 1097 2001 aul
1112 1939 1334 2002 conferendum

188 2037 240 2091 est
268 2027 300 2090 in
328 2026 574 2108 quibuscumque
601 2026 695 2087 rebus
721 2034 815 2110 atque
837 2025 1031 2104 corporibus,
1060 2023 1133 2086 nihil
1154 2021 1271 2085 exinde
1293 2023 1334 2086 ad

187 2130 226 2174 se
252 2110 390 2192 quolibet
425 2119 568 2191 tempore
602 2111 737 2172 antistes
769 2110 926 2172 ecclesiae
950 2109 1181 2190 Lugdunensis.
1199 2117 1335 2182 reuocet

187 2194 305 2259 autad
322 2193 378 2274 jus
396 2195 555 2279 ecclesiae
576 2194 759 2274 transferat,
789 2203 825 2254 ut
852 2194 1064 2259 succedentes
1089 2189 1150 2258 sibi
1169 2212 1226 2272 per
1247 2204 1335 2255 tem-

118 2303 146 2344 Ἰ
186 2297 294 2365 pomm
320 2275 457 2339 ordinem
483 2276 669 2339 sacerdotes
694 2295 755 2336 uon
784 2277 969 2340 solumaut
995 2276 1035 2341 de
1057 2279 1209 2358 facultate
1228 2298 1334 2340 xeno-

187 2361 292 2426 dochii
311 2359 411 2444 ipsius
431 2369 487 2423 aut
508 2357 547 2424 de
569 2359 796 2422 consuetudine
811 2363 862 2423 vel
877 2360 1071 2426 institutione
1091 2364 1165 2424 nihil
1182 2363 1333 2442 minuant,

190 2446 250 2514 sed
271 2447 346 2512 dent
367 2466 492 2528 operam
514 2445 645 2527 qualiter
665 2446 710 2507 rei
730 2445 829 2528 ipsius
850 2447 1005 2511 stabilitas
1025 2450 1056 2509 in
1076 2449 1189 2510 nullam
1210 2455 1332 2530 partem

137 2548 139 2554 ’
186 2531 404 2597 detrimentum
431 2541 485 2596 aut
511 2529 741 2594 diminutionem
775 2533 909 2613 aliquam
942 2529 1097 2614 patiatur:
1128 2535 1333 2614 providentes

187 2619 301 2683 intuitu
326 2618 535 2680 retributionis
563 2626 730 2697 aeternae,
759 2625 794 2677 ut
819 2619 988 2699 praepositi
1008 2636 1132 2699 semper
1151 2619 1273 2680 strenui
1293 2637 1356 2700 ac,

106 2693 111 2704 ’
188 2703 281 2768 deum
302 2699 450 2763 timentes
471 2701 656 2764 decentibus
676 2699 919 2783 substituantur,
947 2711 980 2764 et
1006 2723 1081 2765 cura
1101 2707 1333 2784 aegrotantium

186 2806 227 2850 ac
248 2803 395 2847 numerus
408 2783 468 2844 'vel
490 2782 636 2864 exceptio
662 2785 893 2866 peregrinorum
918 2787 1091 2849 secundum
1112 2789 1261 2850 indictam
1282 2793 1334 2852 in-

186 2871 380 2942 stitutionem
405 2869 726 2951 inviolabilisemper
751 2870 924 2932 stabilitate
954 2881 1141 2951 permaneat.
1183 2869 1280 2950 Quod
1306 2875 1335 2936 si

185 2957 257 3038 quis
271 2955 409 3037 quolibet
428 2963 578 3034 tempore,
599 2952 766 3034 cujuslibet
786 2956 955 3035 potestatis
978 2958 1026 3017 vel
1049 2956 1164 3018 ordinis
1185 2975 1333 3042 persona,

84 3042 87 3045 ’
186 3048 296 3103 contra
319 3039 403 3102 banc
430 3039 683 3103 constitutionem
710 3047 850 3102 nostram
875 3038 986 3104 venire
1006 3043 1174 3104 tentaverit
1192 3051 1252 3105 aut
1273 3047 1334 3107 ali-

185 3121 260 3206 quid
278 3120 319 3185 do
341 3119 567 3184 consuetudine
587 3123 640 3184 vel
661 3123 812 3186 laenitate
832 3125 1021 3190 xenodochii
1046 3128 1146 3208 ipsius
1166 3129 1336 3192 abstulerit

185 3216 221 3270 ut
242 3205 488 3288 xenodochium,
510 3205 593 3287 quod
610 3217 740 3271 avertat
760 3209 856 3284 deus,
883 3230 958 3285 esse
979 3210 1118 3295 desinat,
1140 3223 1186 3280 nt,
1200 3207 1336 3278 necator

183 3311 354 3379 pauperum
373 3287 569 3358 irrevocabili
587 3293 787 3358 anathemate
805 3295 941 3359 feriatur.
1001 3371 1007 3376 ,
1302 3325 1307 3332 ·

215 3409 304 3477 xvi.
350 3409 413 3488 Qui
433 3431 455 3472 α
475 3431 510 3473 ae
531 3409 583 3475 ool
600 3409 641 3480 at
660 3410 739 3474 allio
760 3411 913 3474 ecclcsiae
933 3411 1041 3476 oblata
1062 3405 1189 3496 auferre
1205 3439 1305 3500 prac-

610 3577 613 3582 ⁴
649 3498 844 3585 *sumpserim
1241 3535 1246 3542 »

263 3593 416 3682 Quisquis
443 3597 537 3658 etiam
563 3603 619 3658 aut
641 3595 793 3676 majorum
820 3601 882 3657 aut'
900 3594 1332 3681 mediocrium-personarum

93 3743 104 3764 ,
182 3679 402 3767 quodcumque
430 3681 566 3744 muueris
590 3681 645 3741 ¹vel
674 3680 831 3742 facultatis
858 3680 1074 3745 sacerdotibus
1101 3695 1155 3747 aut
1181 3690 1332 3752 eeclesiis

182 3773 258 3830 aul·
286 3764 454 3834 uibuslibet
470 3767 563 3832 ,locis
592 3765 713 3826 sanctis
739 3763 845 3826 studio
873 3765 1028 3828 mercedis
1055 3787 1127 3831 cum
1154 3767 1281 3849 justitia
1296 3774 1331 3852 ⁸)

180 3865 236 3928 pro
264 3779 316 3912 dei
342 3851 604 3930 contemplatione
623 3843 814 3928 contulerit,
844 3857 898 3912 aut
925 3867 964 3911 ea
991 3869 1073 3934 quae
1100 3849 1332 3935 aparentibus

97 3957 101 3964 ¹
185 3931 497 4000 donam-noscuntur
523 3933 721 4016 postmodum
746 3933 866 3996 auferre
893 3935 1152 4020 praesumpserit,
1177 3941 1331 4024 superiori

72 4027 74 4031 ’
156 4021 338 4118 (sententia
358 4029 395 4084 ut
413 4027 543 4082 necator
561 4037 732 4101 paupemm
752 4021 966 4082 communione
987 4023 1146 4103 privatur..

137 4201 140 4206 ,
249 4132 351 4202 xvu.
380 4135 548 4222 Ecclesiae
570 4153 685 4200 comae
706 4135 845 4226 ptmliter
865 4143 898 4199 ct
913 4151 975 4220 per
995 4157 1070 4222 quos
1081 4107 1257 4222 flnfmttbr.

181 4237 184 4244 '
232 4285 234 4292 ,
271 4237 401 4314 tacut,
423 4235 536 4321 etiarn,
554 4237 601 4301 'ut
621 4238 649 4300 si
670 4255 887 4350 quaecumque
912 4254 1047 4322 persona
1067 4251 1177 4308 onuba
1196 4241 1327 4326 episco-

217 4427 423 4594 oraim&
469 4488 505 4522 -,-
556 4455 588 4524 2)
604 4459 752 4520 r'utttuatar
769 4460 826 4518 tea
839 4459 871 4513 B.
919 4475 954 4552 -j
1012 4433 1041 4528 ⁸¹)
1059 4451 1326 4534 conqueratajesat
