2874 5044
410 223 653 319 coucmruu
674 226 882 296 because.
947 251 951 258 -κ
1180 234 1224 302 so

65 419 178 468 semus
213 419 271 484 pro
305 395 358 464 dei
389 395 499 480 timore
514 397 548 480 ¹)
586 407 787 485 tractantes,
822 399 855 466 id
879 401 999 484 placuit
1018 412 1152 468 smctae
1182 423 1223 470 ae

7 507 8 512 ¹
68 485 245 552 venerabili
275 486 398 568 synodo
430 495 466 550 ut
497 484 691 569 presbyteri,
724 489 779 569 qui
807 507 849 552 ex
878 489 1004 566 haeresi
1032 491 1151 554 Ariana
1181 490 1222 559 ud

68 583 215 640 sanctam
237 570 426 638 catholicam
447 569 617 636 ecclesiam
645 570 791 638 conversi
816 582 921 656 sunt,-
938 575 991 657 qui
1017 585 1159 641 sanctam
1187 585 1223 640 et

67 654 179 746 puram
199 657 295 722 fidem
316 666 413 741 atque
432 655 643 724 castissimam
663 660 819 724 tenuerint
834 661 942 742 vitam,
963 669 1100 743 accepta
1118 661 1222 726 denuo

65 745 292 818 benedictione
308 819 310 824 ι
326 744 566 827 presbyteratus
579 741 613 823 ²)
647 753 761 808 sancte
793 752 830 808 et
857 765 935 828 pure
961 747 1136 812 ministrare
1162 748 1223 811 de-

67 835 187 898 beant:
209 830 304 896 ueteri
316 847 401 910 ¹vero
422 827 476 913 qui
493 828 576 892 hane
596 832 841 913 suprascriptam
862 828 960 894 vitam
983 832 1152 917 adimplere
1170 837 1224 896 vel

69 930 185 982 tenere
208 913 419 999 neglexerint,
447 916 487 980 ab
514 915 618 978 officio
640 914 777 999 depositi
797 915 863 980 siut
882 919 914 980 in
935 919 1030 983 clero.
1070 922 1120 986 lta
1141 929 1177 986 et
1190 921 1224 1000 ³)

73 1003 117 1070 de
138 1003 317 1068 diaconibus
336 1003 423 1068 sicut
441 1008 476 1066 et
496 1000 537 1066 de
558 1001 755 1085 presbyteris
775 999 981 1069 constitutum
1002 1013 1064 1080 est.

157 1191 282 1256 Statuit
299 1199 416 1256 sancta
436 1188 580 1274 synodus
601 1198 637 1252 ut
655 1187 805 1274 reliquiae
825 1189 859 1255 in
879 1192 1129 1279 quibuscumque
1148 1194 1230 1261 locis

71 1279 113 1344 de
135 1277 253 1342 Ariana
272 1278 398 1341 haeresi
418 1278 568 1340 inventae
589 1275 722 1360 luerint,
755 1278 895 1357 prolatae
915 1299 935 1343 a
955 1282 1174 1346 sacerdotibus
1194 1281 1227 1347 in

71 1384 202 1451 quorum
236 1363 384 1428 ecclesiis
418 1361 632 1446 reperiuntur,
665 1359 866 1445 pontificibus
893 1376 1119 1446 praesentatae
1148 1365 1226 1452 igne

70 1449 363 1537 probentu13-quod
382 1445 412 1512 si
432 1467 453 1511 a
474 1445 664 1531 quibuslibet
683 1451 865 1514 occultatae
881 1450 999 1517 luerint
1019 1463 1053 1516 et
1067 1453 1228 1539 detegun-

71 1551 141 1621 tur,
168 1557 189 1600 a
208 1543 433 1610 sacrosanctae
448 1533 484 1616 ⁴)
511 1531 688 1613 catholicae
710 1536 870 1600 ecclesiae
890 1547 986 1602 coetu
1006 1550 1227 1625 segregentur.

152 1721 280 1788 Statuit
300 1730 414 1786 sancta
435 1721 577 1806 synodus
601 1731 638 1784 ut
659 1719 800 1808 episcopi
823 1721 863 1788 de
883 1723 1002 1790 Ariana
1021 1727 1146 1792 haeresi
1165 1747 1229 1792 ve-

65 1813 216 1892 nientes,
243 1811 272 1872 si
299 1824 378 1892 quas
408 1809 565 1875 ecclesias
593 1808 653 1872 sub
673 1809 798 1874 nomiae
819 1811 995 1878 catholicae
1015 1811 1090 1876 fidei
1110 1811 1229 1878 eonse-

70 1897 247 1976 craverint‚
273 1894 408 1958 necdum
429 1894 647 1958 benedictione
668 1898 821 1980 percepta
841 1906 866 1962 a*
883 1899 1039 1962 catholico
1060 1898 1228 1963 sacerdote

70 1989 295 2050 consecrentur
315 1980 428 2043 denuo.
770 2003 775 2012 κ

158 2067 225 2132 Sub
246 2066 298 2131 die
319 2063 529 2132 Kalendarum
549 2063 776 2132 Novembrium
791 2063 826 2148 ³)
847 2085 930 2132 anno
950 2085 1012 2153 quo
1032 2083 1137 2154 supra.
1226 2112 1235 2122 -

309 2561 666 2644 conuiuium
704 2544 997 2644 osunusu
1080 2653 1085 2663 s

103 2701 305 2768 {inultum
334 2700 460 2768 ANNO
491 2696 650 2767 usuum
681 2697 848 2765 DECIMO
879 2697 1019 2766 uuum
1049 2694 1206 2764 DOMINI

174 2787 339 2856 Nostuu
366 2785 690 2854 Guouluslssllul
716 2786 970 2853 Recensum
996 2781 1131 2853 REGIS

127 2873 131 2882 ’
396 2909 398 2916 >
468 2874 560 2940 ΕΒΑ
579 2871 783 2938 DCXXXVI
796 2871 841 2953 ⁶).

555 2997 755 3016 Μ

75 3123 135 3229 In
164 3169 287 3231 numine
314 3166 431 3233 domini
458 3167 541 3231 Jesu
563 3161 681 3230 Christi
708 3163 937 3232 convenientes
958 3183 1069 3231 omnes
1087 3165 1121 3229 iu
1139 3183 1236 3232 uuum

78 3259 213 3324 eoncssio
240 3258 397 3344 Oscensi,
414 3261 489 3324 .hoc
517 3257 659 3343 synodus
686 3270 800 3324 sancta
826 3259 894 3324 lieri
920 3255 1051 3344 elegit„⁴
1062 3255 1098 3323 ut
1112 3253 1236 3323 ‘annuis
1297 3335 1301 3344 .

77 3345 204 3410 vicibus
223 3349 440 3430 unusquisque
460 3354 600 3410 nostrum
620 3363 730 3408 omnes
751 3347 886 3410 abbates
907 3344 1165 3408 monasteriorum
1183 3346 1236 3407 vel

77 3427 282 3514 presbyteros
303 3441 337 3496 et
353 3430 505 3496 ffiaoonos
526 3449 605 3494 suae
627 3429 785 3495 dioecesis
806 3431 845 3492 ad
867 3431 970 3493 locum
991 3428 1045 3492 ubi
1065 3431 1236 3512 episeopus

7 3579 9 3584 .
79 3518 214 3600 elegerit
235 3517 474 3602 congregarit)
499 3513 689 3598 praecipiat,
719 3524 754 3577 et
780 3516 922 3579 omnibus
942 3516 1083 3600 regulam
1104 3515 1237 3578 demon·

77 3610 159 3666 stret
179 3597 316 3667 ducendi
330 3605 425 3686 uitas,
441 3611 635 3682 cunctosque
656 3601 715 3662 sub
736 3601 965 3665 ecclesiasticis
986 3602 1105 3683 regulis
1119 3600 1237 3664 adesse

77 3697 283 3770 praemoneat
316 3687 479 3772 quousque
511 3689 606 3750 etiam
633 3685 841 3766 parsimoniae
870 3695 904 3748 et
931 3683 1111 3750 sobrietatis
1139 3695 1236 3767 atque

77 3772 244 3924 isendica}
281 3774 486 3844 castimoniae
524 3773 727 3838 honestorum
761 3771 898 3838 virorum
939 3768 1118 3844 testimonio
1153 3771 1237 3836 fama

77 3877 223 3922 commen
246 3867 288 3921 et.
414 3903 417 3919 ,

639 3942 670 4006 Π

169 4028 343 4094 Sollicitum
370 4028 466 4093 etiam
491 3985 637 4111 pro‘hac
662 3989 696 4092 re
724 4045 975 4116 unumquemque
1001 4040 1141 4094 nostrum
1162 4047 1238 4094 esse

79 4113 233 4185 convenit
240 4161 251 4196 ,
281 4124 317 4179 ut
346 4117 472 4180 curiosa
498 4113 648 4198 indagine
675 4115 908 4200 perquiramus,
935 4117 964 4179 si
989 4117 1184 4200 presbyteris
1202 4124 1238 4178 et

78 4199 267 4264 diaconibus
288 4209 384 4302 atque
405 4200 650 4266 subdiaconibus
676 4209 710 4264 et
734 4202 860 4268 clericis
879 4201 995 4287 pudica
1022 4213 1056 4268 et
1082 4208 1174 4266 casta
1193 4201 1238 4264 sit
1259 4258 1261 4262 .
1285 4275 1293 4291 x

122 4427 156 4565 ἐξ
173 4429 354 4567 iiiiii.
371 4429 950 4568 diaflfi‘iiiiiidi‘iiiim
966 4429 1238 4566 &bibini

150 4568 214 4620 add.
239 4569 278 4620 Μ.
328 4593 365 4611 -
418 4571 449 4637 θ)
472 4569 555 4624 Deest
578 4567 629 4622 hoc
652 4568 793 4622 carutium
815 4569 843 4621 in
868 4568 978 4638 reliquis
1002 4568 1137 4622 codicibus
1161 4570 1237 4637 Hisp.

153 4644 262 4706 praeter·
272 4639 317 4692 AE.
353 4667 389 4680 -
432 4639 461 4705 ⁷)
480 4639 681 4704 conpraedendi.
701 4653 752 4678 '-

124 4731 194 4779 Bibl.
210 4733 267 4780 ecel.
281 4738 302 4780 I.
324 4741 345 4783 2.
973 4723 994 4784 5
