2864 5042
181 279 274 390 ‘ase
544 235 785 344 couomruu
814 275 1036 344 nousuuu

212 453 352 516 omnibus
373 459 407 514 et
428 449 587 513 amandus.
626 449 762 514 Proinde
787 469 847 514 nos
872 449 964 514 deum
992 451 1023 513 in
1042 447 1134 513 vobis
1154 452 1295 533 penitus
1316 451 1371 514 ad-
1408 405 1410 460 1

211 548 338 602 orantes
359 537 410 600 cui
430 539 499 599 sino
521 537 648 620 querela
667 537 804 618 servitis,
826 536 867 600 ad
880 537 973 599 iidem
988 539 1172 599 recurrimus
1188 537 1370 618 apostolico

211 639 265 686 ore
293 623 472 703 laudatam,
503 622 575 685 inde
604 639 756 704 responsa
782 631 992 704 quaerentes,
1025 622 1108 684 unde
1140 621 1218 684 nihil
1257 641 1368 702 errore,

212 709 286 772 nihil
308 709 577 794 praesumptione,
609 708 668 771 sed
698 709 867 790 pontiueott
893 716 993 770 totum
1018 708 1247 770 deliberatione
1276 727 1369 790 prae-

215 797 335 877 cipitur.
377 795 458 858 Cum
480 793 561 856 baec
582 793 626 854 ita
647 811 683 856 sa
702 794 854 873 habeant,
884 799 1060 856 esttamen
1082 797 1161 855 inter
1179 813 1247 856 nos
1271 795 1368 857 ialsus

213 881 323 964 irater,
350 879 441 961 cujus
468 881 753 960 praesumptionem
781 881 865 942 sicut
894 878 1011 942 diutius
1039 887 1146 942 tacere
1173 899 1240 941 non
1273 881 1365 960 licuit,

212 969 257 1030 ita
279 976 312 1029 et
331 967 416 1048 loqui
437 965 530 1027 futuri
554 962 663 1043 judicii
690 967 870 1028 necessitas
895 965 1067 1046 imperavit.
1110 965 1268 1027 Silvanus
1298 964 1365 1046 qui-'

212 1051 284 1116 darn
313 1049 483 1133 episcopus
510 1051 688 1132 calagurae
717 1052 748 1112 in
777 1051 885 1112 ultima
912 1059 1003 1131 parte
1028 1059 1153 1112 nostrae
1181 1053 1364 1131 provinciae

213 1139 420 1217 constitutus,
447 1134 656 1199 divinationes
677 1135 737 1199 sibi
757 1134 912 1198 indebitas
933 1136 1128 1217 usurpando,
1156 1135 1360 1198 humilitatam

210 1232 350 1287 nostram
381 1222 421 1285 ad
450 1222 511 1284 hoc
541 1239 643 1304 usque
670 1221 833 1305 perduxit,
863 1227 898 1284 ut
926 1229 1035 1283 contra
1060 1221 1129 1301 ejus
1158 1223 1364 1284 vanissimam

212 1308 465 1390 superstitionem
486 1307 574 1377 sedis
593 1313 723 1369 vestrae
743 1308 868 1370 unicum
888 1304 1055 1369 remedium
1077 1307 1270 1390 flagitemus.
1307 1305 1365 1370 llic

211 1413 346 1475 namque
370 1393 435 1474 jam
465 1403 537 1455 ante
559 1399 682 1472 septem
704 1401 758 1455 aut
779 1401 852 1455 octo
873 1393 1005 1473 amplius
1025 1411 1139 1471 anuos,
1166 1399 1366 1474 postponens

210 1487 333 1560 patrum
354 1479 482 1561 regulas
503 1486 537 1539 et
558 1483 666 1539 uestra
686 1479 830 1540 instituta
850 1477 1046 1558 despiciens,
1068 1478 1159 1538 nullis
1179 1479 1365 1558 petentibus

209 1563 333 1646 populis
348 1564 529 1644 episcopum
548 1563 716 1625 ordinavit:
737 1562 829 1644 cujus
849 1580 1088 1644 praeproperum
1109 1563 1227 1625 iactum
1248 1561 1365 1626 existi-

208 1659 333 1712 mantes
355 1649 490 1711 iratema
511 1657 544 1709 et
566 1647 699 1727 pacifica
720 1667 818 1730 posse
846 1649 1054 1712 admonitione
1074 1647 1201 1729 ,sanam
1229 1650 1363 1730 proiecit

209 1737 241 1799 iu
262 1734 364 1817 pejus.
404 1734 547 1814 Denique
568 1740 678 1795 eontra
697 1741 891 1798 vetustatem
906 1741 1082 1815 canonum,
1112 1743 1223 1800 contra
1250 1734 1363 1816 synodi

210 1823 404 1900 constituta,
441 1821 570 1883 alterius
598 1818 700 1881 fratris
729 1817 827 1882 nostri
856 1821 1072 1902 presbyterum
1100 1819 1211 1900 spiritu
1239 1828 1363 1882 tantum

208 1903 471 1990 praesumptionis
484 1921 642 1969 accensus
656 1906 688 1967 in
706 1904 818 1968 eodem
833 1907 913 1988 loco,
929 1906 982 1986 qui
1001 1903 1043 1967 illi
1057 1906 1162 1967 ¹iuerat
1183 1904 1362 1968 destinam

208 1995 261 2058 cui
288 1993 388 2055 invito
417 1999 450 2054 et
476 1991 664 2074 repugnanti
690 1989 880 2072 imposuerat
905 2007 1017 2053 manus
1044 1999 1077 2052 et
1097 1991 1149 2071 qui
1169 1999 1283 2053 nostra
1299 1991 1361 2072 iarn

208 2077 314 2144 coetui
335 2080 436 2140 luerat
464 2085 677 2160 aggregatus,
708 2078 890 2158 episcopum
919 2076 1003 2139 iecit.
1034 2077 1127 2156 ,Hinc
1155 2077 1275 2139 iactum
1302 2087 1360 2156 est,

207 2172 243 2227 ut
264 2164 303 2226 de
325 2163 393 2243 ejus
414 2161 585 2224 miserrima
605 2165 782 2224 temeritate
804 2163 843 2224 ad
864 2179 923 2224 nos
937 2162 1258 2246 caesaraugustanae
1278 2165 1361 2224 urbis

208 2249 378 2330 episcopus
400 2247 494 2309 frater
514 2256 622 2308 noster
648 2248 793 2327 referret,
823 2247 914 2328 cujus
936 2245 1096 2332 diligentie
1124 2255 1158 2308 et
1185 2246 1359 2310 sollicitudo

209 2331 373 2398 admodum
395 2339 616 2414 prospexerat,
638 2334 666 2393 si
686 2334 716 2392 in
738 2335 841 2414 aliquo
861 2333 1041 2414 profuisset,
1061 2332 1216 2414 siquidem
1239 2333 1358 2396 cunctis
1409 2363 1410 2410 3

208 2419 240 2482 in
268 2415 383 2480 uicinia
414 2416 528 2499 positis
556 2417 740 2498 episcopis,
777 2437 818 2478 ne
849 2435 886 2479 se
914 2416 1116 2482 schismatico
1145 2418 1350 2502 adjungerent,
1409 2413 1410 2442 ¹

208 2505 461 2590 frequentissime
493 2503 697 2586 contradixit3
731 2502 790 2566 sed
822 2504 1029 2567 obstinatione
1057 2504 1224 2567 damnabili
1245 2509 1355 2584 totum,

208 2593 292 2678 quud
314 2599 381 2654 erat
398 2591 547 2672 illicitum,
563 2599 597 2651 et
612 2589 695 2672 quod
716 2591 806 2652 nubis
827 2590 926 2670 pudor
947 2596 998 2652 est
1019 2589 1134 2671 dicere,
1156 2609 1218 2652 non
1239 2587 1360 2653 erubuit

208 2681 296 2745 solus
315 2675 368 2740 ille
389 2677 591 2740 committere.
625 2675 759 2737 Proinde
781 2678 854 2757 quia
875 2677 924 2737 his
945 2674 1259 2757 praesumptionibus,
1278 2693 1361 2757 qnae

210 2767 363 2831 unitatem
383 2762 534 2842 dividunt,
553 2779 635 2842 quae
655 2761 794 2824 schisma
813 2762 941 2842 iaciunt,
954 2763 1107 2824 velociter
1121 2761 1216 2824 debet
1230 2761 1360 2840 occurri,
1408 2805 1409 2814 .

209 2867 400 2935 quaesumus
427 2847 536 2910 sedem
557 2856 698 2908 vestram
727 2856 762 2909 ut
789 2846 863 2929 quid
884 2848 1059 2928 superbae
1081 2855 1169 2927 parte
1188 2847 1360 2910 observare
1408 2833 1409 2858 ¹

209 2938 316 3000 uelitis
346 2934 529 3018 apostolicis
560 2931 708 2994 affatibus
740 2933 946 3013 instruamur,
978 2940 1134 3014 quatenus
1166 2931 1362 2995 fraternitate

206 3025 344 3087 collecta
361 3021 489 3101 prolatis
503 3019 535 3080 in
549 3018 684 3080 medium
697 3019 896 3081 venerandae
916 3019 1029 3100 synodi
1050 3018 1229 3080 constitutis
1252 3027 1362 3080 contra

206 3107 385 3170 rebellionis
413 3106 552 3184 spiritum
581 3112 689 3166 vestra
717 3107 904 3166 auctoritate
931 3101 1074 3184 subnixi,
1105 3102 1188 3185 quod
1216 3109 1363 3184 oporteat

204 3191 248 3255 do
277 3185 451 3252 ordinatore
478 3197 512 3248 et
541 3186 581 3247 de
610 3186 751 3249 ordinato
778 3189 861 3269 fleri,
899 3190 1073 3272 intelligere
1101 3189 1161 3251 deo
1188 3187 1362 3268 adjuvante

208 3277 376 3360 possimus.
407 3271 477 3336 lirit
496 3272 638 3353 profecto
659 3281 769 3334 vester
788 3275 974 3356 triumphus,
996 3276 1025 3336 si
1045 3273 1240 3356 apostolatus
1263 3275 1361 3337 vestri

205 3363 408 3446 temporibuS,
424 3357 507 3442 quod
529 3357 733 3428 sanctiPetri
753 3358 903 3421 cathedra
924 3358 1055 3440 obtinet,
1077 3360 1234 3422 catholica
1255 3360 1363 3422 audiat
1407 3407 1408 3450 ,

205 3443 366 3525 ecclesia,
395 3447 423 3508 si
450 3445 574 3506 novella
600 3443 789 3506 zizaniorum
810 3446 930 3507 semina
950 3445 1064 3506 fuerint
1084 3445 1249 3525 extirpata.
1295 3447 1363 3526 (ut

205 3529 439 3614 subscriptioz)
465 3528 614 3594 Orantem
635 3549 690 3612 pro
711 3530 802 3593 nobis
822 3539 966 3593 sanctum
989 3530 1198 3612 apostolatum
1217 3537 1362 3595 vestrum

198 3619 274 3705 jugi
295 3636 376 3682 aevo
399 3614 505 3680 divina
527 3623 695 3678 conservet
716 3619 894 3678 aeternitas.
1173 3623 1176 3630 '

256 3769 260 3786 .
295 3722 345 3783 Ab
368 3718 523 3782 universis
546 3717 705 3801 episcopis
727 3728 759 3780 et
780 3717 973 3800 presbyteris
993 3717 1199 3782 acclamatum
1222 3727 1292 3782 est:
1320 3718 1359 3782 Ut

206 3805 289 3869 haee
316 3804 518 3868 emendentur
546 3807 711 3887 rogamus!
742 3803 859 3866 dietum
881 3811 931 3866 est
952 3804 1068 3866 sexies.
1110 3803 1154 3867 Ut
1174 3804 1256 3867 baec
1280 3803 1357 3868 reci-

208 3891 322 3954 dantur
336 3890 372 3971 1)
393 3891 563 3971 rogamus!
585 3887 702 3952 dictum
723 3898 775 3951 est
791 3886 925 3970 septies.
968 3883 1013 3950 Ut
1034 3889 1198 3970 disciplina
1216 3898 1357 3952 servetur

209 3980 377 4062 rogamus!
407 3973 523 4038 dietum
545 3980 597 4036 est
619 3976 743 4037 octies.¹
771 3973 815 4036 Ut
837 3969 1007 4055 antiquitas
1027 3983 1173 4036 servetur
1193 3977 1358 4059 rogamus!

112 4063 125 4084 ⁹
208 4061 327 4128 dictum
342 4069 394 4124 est
409 4059 582 4144 quinquies.
605 4057 648 4122 Ut
669 4076 807 4123 canones
826 4058 1039 4122 custodiantur
1058 4063 1221 4144 rogamus!
1243 4061 1357 4124 dictum

208 4157 261 4212 est
281 4148 412 4231 septies.
442 4145 492 4226 ¹Ut
512 4146 544 4206 in
564 4146 850 4227 praesumptoribus
863 4141 1037 4208 vindicetur
1058 4148 1220 4229 rogamus!
1242 4144 1356 4208 dictum

209 4242 261 4297 ost
282 4233 413 4316 septies
455 4227 615 4292 Ordinatio
641 4231 815 4312 apostoliea
841 4230 958 4291 illibata
978 4233 1141 4310 servetur!
1168 4227 1357 4293 dictumest

208 4319 320 4383 octies.
368 4315 493 4380 Exaudi
521 4314 666 4379 Christe!
703 4315 811 4378 Hilaro
838 4315 923 4377 vita!
956 4315 1073 4379 dictum
1107 4324 1159 4380 est
1185 4315 1356 4399 quinquies.

207 4401 332 4486 Dignus
353 4421 450 4485 papa,
479 4399 595 4484 dignus
614 4401 743 4465 doctor!
773 4400 889 4465 dictum
912 4408 964 4463 est
984 4401 1098 4466 octies.
1139 4401 1268 4466 Hilarus
1289 4398 1356 4482 epi-

252 4649 281 4716 1)
297 4663 442 4707 resecentur·
458 4655 485 4706 in
504 4673 537 4708 m.
556 4657 591 4707 bi.
627 4681 663 4696 -·
