2864 5042
181 207 253 282 aas
350 199 561 276 omanus
579 196 840 273 cassusne
859 173 1037 266 manau
1056 196 1167 266 ωσι.

319 439 339 466 Ι,
354 373 396 440 v.
427 347 481 437 lte
500 370 666 440 nomae.
681 373 718 436 to
737 370 1024 450 mammonas
1045 371 1166 434 moro.

270 491 315 555 Ut
341 489 423 552 intra
449 497 545 570 septa
572 488 751 550 monasterii
779 507 841 550 non
861 487 1039 568 baptizetur
1058 503 1119 549 nec
1139 483 1264 547 minace
1285 482 1357 546 de-

183 577 359 642 nncnmm
379 573 588 640 munau
608 573 804 642 oelebremr
823 590 886 636 nec
903 570 1111 636 ,mendacium
1125 583 1261 652 ,corpora
1282 568 1355 633 ibi-

183 664 258 730 dem
276 661 484 744 sepeliantur,
506 658 636 722 forsitan
658 657 813 739 permissu
832 656 999 738 pontificis.

296 799 382 862 VIII.
403 795 455 860 De
468 794 646 858 interdicto
660 793 788 858 clericis
800 793 1037 856 cohabitatione
1050 791 1231 856 muliermn.

268 913 348 980 Illud
362 915 542 998 specialiter
555 911 763 992 decemimus,
787 919 823 974 ut
836 909 939 974 nullus
954 912 1124 994 episcopus
1136 912 1191 973 vel
1207 912 1353 994 presby-

187 1013 236 1068 ter
256 1012 314 1068 aut
333 1000 483 1066 diaeonus
497 999 550 1061 vel
566 997 699 1064 clericus
719 995 836 1060 honore
857 995 994 1062 munitus
1015 994 1178 1061 mulierem
1196 997 1231 1059 in
1253 997 1351 1060 domo

186 1109 247 1154 sus
267 1089 384 1153 habeat
403 1093 528 1170 praeter
548 1091 697 1164 matrem,
724 1099 861 1146 sororem
884 1089 918 1144 et
939 1082 1083 1144 amitam:
1114 1081 1199 1165 quod
1223 1083 1254 1146 si
1274 1085 1349 1164 quis

186 1193 283 1256 super
312 1181 434 1238 statuta
462 1187 616 1236 canonum
643 1165 794 1250 deinceps
820 1167 935 1230 habere
965 1168 1228 1249 praesumpserit,
1254 1165 1351 1247 juxta

186 1260 343 1324 arbitrium
363 1255 521 1342 pontificis
542 1245 701 1319 sententia
722 1253 874 1318 canonica
893 1251 1021 1318 feriatur
1036 1260 1069 1316 et
1082 1253 1134 1315 illa
1148 1263 1186 1314 nt
1201 1252 1348 1327 adultera

185 1343 418 1410 condemnetur.

393 1459 448 1522 IX.
491 1459 544 1523 Dc
564 1462 608 1524 iio
630 1461 688 1544 qni¹
705 1459 750 1524 ad
770 1455 919 1523 ecclesias
940 1457 1139 1542 confugiunt.

202 1626 205 1634 .
272 1580 322 1642 De
348 1575 399 1642 his
425 1578 479 1659 qui
507 1575 549 1642 ad
575 1579 732 1643 ecclesias
758 1579 939 1663 coniugium
967 1573 1099 1658 faciunt,
1127 1583 1164 1638 ut
1183 1577 1350 1640 ecclesiae

191 1673 296 1730 status
325 1665 358 1727 in
387 1663 531 1729 omuibus
559 1661 648 1726 firmo
674 1665 784 1728 robore
809 1663 976 1746 persistat,
1005 1663 1108 1727 nullus
1132 1663 1178 1724 'de
1203 1665 1350 1726 ecclesa

187 1751 342 1817 violenter
364 1750 503 1815 trahatur
522 1767 584 1814 nec
605 1745 805 1832 mufngiendi
820 1749 874 1829 jus
894 1749 926 1810 in
941 1748 1111 1811 ecclesiam
1125 1749 1350 1831 subtrabatur3

186 1835 246 1904 sed
267 1856 329 1901 nec
341 1835 477 1900 vinculis
501 1843 555 1898 eut
573 1833 654 1900 ferro
669 1837 721 1916 qui
741 1834 773 1896 in
793 1835 961 1898 ecclesIam
977 1833 1155 1917 confugerit
1168 1835 1347 1918 colligetur.
1412 1875 1414 1898 .

185 1977 242 2043 xi
265 1975 317 2037 De
332 1973 499 2038 abbatibus
514 1979 547 2034 et
561 1973 840 2054 archipresbyteris
861 1971 1044 2054 sineculpo
1061 1989 1125 2033 nors
1144 1971 1347 2034 removendis
1412 1983 1416 2102 p

230 2081 289 2124 nec
304 2080 367 2142 per
380 2059 530 2141 proemio
544 2059 705 2139 ponendis
724 2068 757 2120 et
777 2078 817 2120 ne
837 2057 1015 2121 saeculares
1036 2057 1307 2140 archipresbyteri
1413 2116 1415 2154 ἰ

674 2151 847 2225 ponuntur.
1414 2189 1415 2200 .

272 2245 318 2307 Ut
348 2243 480 2305 abbates
509 2245 563 2304 vel
594 2243 858 2326 archipresbyteri
888 2243 1009 2324 absque
1027 2236 1133 2325 ”culpa
1160 2241 1203 2305 de
1231 2245 1345 2306 eccie-
1412 2235 1416 2326 i

47 2320 62 2340 “
189 2331 321 2394 siastico
341 2326 513 2390 ministerio
534 2331 685 2390 removeri
705 2348 768 2402 nou
789 2328 934 2410 debeant,
953 2346 1014 2391 nec
1033 2346 1090 2408 per
1109 2329 1248 2410 praemia
1271 2331 1346 2392 nul-
1414 2328 1415 2360 ³

187 2417 239 2479 lus
272 2415 370 2479 abbas
402 2414 455 2474 vel
486 2414 737 2496 archipresbyter
764 2423 938 2496 ponantur:
969 2413 1052 2496 quod
1081 2415 1110 2476 si
1135 2415 1207 2496 quis
1232 2415 1341 2477 facere

188 2500 435 2585 praesumpserit
460 2501 681 2578 ²errmnrrruiune
713 2501 861 2580 priuatur.
888 2555 891 2562 .
918 2501 990 2575 Nec
1021 2499 1204 2567 saeculares
1234 2501 1342 2564 archi-

188 2586 366 2670 presbyteri
393 2593 565 2666 ponantur,
597 2586 726 2648 forsitan
754 2586 782 2648 si
810 2586 883 2648 talis
910 2585 1002 2647 fuerit
1028 2603 1119 2665 quem
1146 2605 1202 2666 pru
1229 2587 1346 2648 merito

189 2691 345 2756 personae
366 2671 398 2732 in
418 2670 562 2732 solatium
584 2670 743 2733 ecclesiae
764 2670 904 2751 pontifex
924 2672 1138 2733 necessarium
1158 2689 1233 2734 esse
1251 2669 1347 2751 jndi-

187 2767 257 2841 cet,
286 2767 323 2826 ut
345 2756 416 2820 siae
443 2753 519 2836 ejus·
540 2755 723 2821 defensione
749 2757 930 2839 paroeciani
955 2752 998 2820 illi
1025 2774 1064 2820 sa
1091 2755 1259 2820 defensare
1279 2777 1347 2820 nou

208 2843 315 2908 assint.
963 2897 969 2908 .

114 2962 116 2966 ’
183 2866 274 3026 pIIII.
300 2912 343 3026 Iit
360 2919 537 3043 presbyirri
558 2968 592 3036 et
613 2961 744 3031 dracone·
764 2981 876 3026 arara
897 2961 1011 3030 ducem
1030 2981 1095 3025 non
1109 2969 1335 3044 praemoneret.

273 3078 457 3158 Presbyteri
470 3079 524 3138 vel
539 3079 661 3142 diaconi
682 3099 720 3142 se
741 3081 825 3142 nulle
845 3080 965 3142 ratione
985 3081 1101 3143 nubere
1122 3089 1347 3164 praesumant:

83 3171 86 3180 ¹
171 3160 269 3246 quod
290 3162 319 3224 si
340 3164 623 3243 praesumpserint,
646 3166 685 3227 ab
707 3167 845 3227 ecelesia
865 3175 1118 3246 sequestrentur.

206 3300 290 3364 XIII.
310 3299 363 3362 De
384 3301 664 3386 excommunicatio
679 3319 742 3382 per
762 3302 887 3388 vicinos
909 3305 1060 3367 deitates
1080 3303 1133 3366 cel
1145 3305 1324 3387 paroecias

356 3461 359 3467 Ι
430 3459 432 3464 Ι
663 3385 856 3461 indicandis,

269 3488 319 3550 De
347 3479 625 3552 excommunicatis
644 3489 843 3574 ¹placuit,'si
872 3489 942 3572 quis
971 3510 1026 3572 pro
1055 3491 1181 3555 crimine
1211 3507 1270 3553 suo
1299 3493 1341 3552 ab

62 3613 64 3619 ι
184 3574 335 3655 episcopo
356 3575 409 3636 vel
438 3575 634 3655 presbytero·
651 3575 709 3635 brit
736 3573 950 3637 communione
977 3577 1136 3657 privatus,
1164 3574 1340 3657 episcopus

183 3660 236 3721 vel
265 3658 489 3740 presbyter-et
514 3659 638 3720 dacium
665 3659 927 3724 excommunicati
953 3669 988 3722 et
1014 3663 1219 3742 privationem
1247 3681 1341 3725 com-

133 3767 136 3773 ·
183 3745 337 3810 munionis
364 3745 478 3814 ercinia
500 3745 701 3814 ciuitatibus¹
727 3745 781 3809 vel
808 3747 967 3825 paroeciIs
1002 3747 1152 3816 studeant
1179 3747 1338 3815 indicare:

183 3828 268 3908 quod
288 3830 317 3890 si
337 3831 417 3910 quis,
432 3829 473 3892 ad
494 3828 565 3906 ejus
585 3835 751 3916 pastqnam
772 3830 913 3903 notitiam
927 3832 1058 3911 venerit,
1080 3851 1181 3913 usque
1202 3832 1339 3897 audien·

185 3909 261 3977 tiam
282 3913 443 3994 cumipse
464 3915 693 3987 communicare
714 3911 967 3996 praesumpserit,
983 3917 1105 3982 biennio
1120 3919 1340 3988 communione

180 3999 323 4079 privatus
345 4000 384 4061 ab
406 3995 545 4062 ecclesia
565 4007 791 4084 sequestretur.
826 4035 856 4087 '-
931 4015 934 4022 ⁴
964 4041 966 4048 ι

180 4137 268 4201 XIV.
289 4135 341 4200 Dc
360 4137 509 4219 ingenuis
524 4138 579 4220 qni
597 4155 632 4196 se
652 4137 736 4216 ursos
756 4136 958 4199 vendiderint
973 4139 1031 4201 uel
1045 4141 1334 4222 oppigneraverunt.
1414 4161 1416 4217 l

192 4277 196 4282 ¹
264 4249 314 4312 De
343 4253 490 4338 ingenuis
517 4253 571 4334 qui
600 4270 637 4313 se
666 4265 721 4332 pro
749 4255 884 4335 pecunia
912 4265 967 4318 out
994 4258 1055 4320 alia
1083 4277 1117 4320 re
1137 4257 1335 4321 vendiderint
1414 4256 1415 4330 l

181 4332 233 4392 vel
250 4333 532 4419 oppigneraverint',
554 4337 672 4417 placuit
693 4345 728 4398 ut
743 4340 866 4421 qnando
882 4339 1007 4422 quidem
1028 4344 1161 4424 pretium
1182 4347 1331 4425 quantum
1414 4345 1416 4392 ἲ

179 4433 234 4495 pro
266 4419 344 4496 ipsis
375 4423 482 4486 datum
513 4429 564 4483 est
592 4421 732 4485 invenire
763 4427 919 4504 potueriat
926 4471 936 4507 ,
968 4429 1090 4509 absque
1114 4428 1265 4490 dilatione
1291 4427 1331 4489 ad

181 4506 306 4566 statam-
321 4520 401 4568 suae
422 4503 609 4571 conditionis
629 4503 872 4590 redditopretio
893 4512 1103 4593 reformentur,
1124 4531 1184 4577 nec
1199 4513 1331 4594 amplius
