2874 5044
204 259 247 340 ἥδ
451 254 700 338 ‚concurrat
721 257 1104 328 cenomanenses

207 554 239 598 g,
271 513 352 598 ‚De
389 513 441 582 his
485 517 538 600 qui
571 517 604 580 in
640 515 867 580 infirmitatibus
899 525 1036 598 poscunt
1067 511 1304 598 poenitentiam
1341 527 1375 582 et

205 620 226 680 a
246 600 425 684 sacerdote¹
440 603 616 684 accipiunt,
637 604 668 666 si
686 612 799 683 postea
821 604 1051 684 convaluerint,
1071 602 1171 666 vitam
1192 601 1373 682 poeniten-

205 688 283 749 tium
303 697 475 772 peragant,
506 697 644 768 excepta
664 707 775 752 manus
795 689 1011 770 impositione,
1041 689 1209 772 segregati
1233 708 1257 750 a
1280 707 1375 752 corn-

204 771 350 850 munionc
389 771 536 858 quamdiu
574 775 766 858 probabilem
806 774 957 846 sacerdos
997 792 1102 844 eorum
1142 775 1373 859 approbaverit

203 857 332 922 vitam·
472 859 475 870 ¹
524 883 559 896 ··
1275 885 1279 892 ·
1312 885 1317 896 ·

207 1031 233 1066 ³⁰
295 1026 451 1091 anemus
479 1035 570 1090 vero'
586 1027 617 1090 in
645 991 823 1093 infirmitate
852 1028 989 1114 positis,
1026 1027 1176 1093 viaticam
1194 1026 1237 1108 ¹)
1271 1031 1374 1096 bene·

205 1113 374 1178 dictionem
393 1111 575 1194 percipiant.
762 1201 794 1262 X

210 1306 216 1320 ·
299 1284 355 1347 Dc·
371 1285 534 1347 monachis
548 1287 625 1345 ve'rc
647 1283 679 1347 id
700 1248 859 1350 observari
879 1284 1100 1370 praecipimus,
1120 1283 1207 1371 quod
1229 1284 1376 1372 synodus
1425 1305 1426 1336 2

205 1369 480 1435 Chalcedonensis
501 1371 672 1434 constituit.

488 1541 546 1604 Dc
576 1541 683 1606 fisco
715 1539 1081 1619 Barcinonensi2).

290 1662 432 1729 Dominis
454 1665 636 1732 sublimibus
662 1678 696 1731 et
717 1667 895 1754 magnificis
916 1667 988 1732 filiis
1009 1676 1065 1732 aut
1086 1664 1235 1732 iratribus
1258 1687 1373 1734 nume-

207 1751 296 1815 rariis
323 1752 483 1815 Artemius
498 1753 533 1831 ³)
565 1755 618 1815 vel
647 1773 757 1818 omnes
785 1755 926 1836 episcopi
952 1755 993 1818 ad
1021 1751 1182 1820 civitatem
1212 1755 1372 1818 Barcino-

206 1856 338 1900 nensem
357 1837 471 1900 liscum
491 1838 680 1904 inferentes:
702 1837 856 1918 Quoniam
877 1841 1094 1927 exelectione
1116 1837 1234 1903 domini
1257 1849 1293 1902 et
1315 1838 1369 1902 filii

206 1942 248 1988 ae
269 1923 380 1995 iratris
406 1921 509 1997 nostri
533 1922 693 2004 Scipionis
720 1923 845 1989 comitis
869 1925 1045 2008 patrimonii
1071 1926 1102 1987 in
1120 1943 1205 1986 anno
1228 1925 1369 1988 feliciter

206 2010 341 2091 septimo
370 2010 498 2094 gloriosi
525 2009 640 2074 domini
660 2012 760 2080 nostri
779 2010 957 2080 Reccaredi
977 2012 1064 2094 regis
1084 2011 1117 2073 in
1138 2008 1281 2072 officium
1304 2029 1369 2072 uu-

204 2095 329 2158 merarii
360 2094 392 2156 in
423 2095 583 2159 civitatem
609 2097 874 2160 Barcinonensem
902 2097 1082 2179 provinciae
1112 2095 1368 2164 tarraconensis

206 2177 304 2258 plecti
330 2179 425 2261 estis,
454 2187 536 2245 eta
563 2178 653 2242 nobis
677 2181 762 2244 sicut
787 2183 983 2246 consuetudo
1010 2190 1076 2262 est,
1107 2193 1303 2244 consensum
1326 2197 1369 2240 ex

207 2265 393 2345 territoriis,
423 2277 505 2346 quae
530 2266 623 2330 uobis
644 2265 858 2332 administrare
878 2265 1373 2345 consueverunt,'postulastis;
1426 2275 1427 2288 ¹

206 2348 325 2416 idcirco
355 2367 411 2431 per
441 2349 536 2432 hujus
570 2354 720 2416 consensi
744 2353 779 2434 ⁴)
807 2355 906 2417 nostri
931 2351 1045 2416 seriem
1073 2347 1294 2429 decrevimus,
1334 2357 1373 2410 ut

207 2444 274 2508 itm
297 2453 359 2502 vos
386 2453 480 2518 quant
507 2443 644 2519 agentes
669 2437 740 2502 sive
769 2436 929 2519 adjutores
956 2434 1056 2498 vestri
1083 2452 1139 2514 pro
1165 2451 1230 2494 uno
1261 2432 1371 2496 modio

209 2521 363 2586 canonico
386 2519 426 2584 ad
447 2522 594 2603 populum
616 2524 747 2608 exigere
768 2523 931 2604 debeatis3
957 2520 1020 2583 hoc
1047 2529 1100 2582 est
1122 2516 1260 2600 siliquas
1277 2526 1369 2598 ceto,

210 2616 245 2671 et
269 2626 325 2688 pro
350 2606 508 2671 laboribus
532 2605 648 2671 vestris
676 2611 819 2690 siliquam
845 2624 957 2688 unam,
985 2615 1020 2668 et
1045 2625 1101 2686 pro
1127 2603 1370 2668 inevitabilibus

207 2689 330 2758 damnis
345 2693 400 2762 ,vel
415 2693 496 2758 inter
513 2693 613 2774 pretia
628 2697 807 2774 specierum
825 2693 957 2774 siliquas
977 2700 1120 2774 quantuor,
1139 2709 1222 2772 quac
1243 2689 1369 2754 faciunt

206 2777 240 2843 in
260 2796 323 2840 uno
343 2777 474 2861 siliquas
495 2780 737 2859 quatuordecim.
784 2775 863 2840 inibi
891 2777 1025 2859 hordeo,
1057 2776 1141 2858 quod
1166 2794 1222 2856 pro
1252 2781 1364 2838 nostra

206 2861 390 2950 definitione
402 2893 419 2944 ,v
444 2863 724 2945 sicut'diximus,
764 2867 829 2924 tam'
858 2881 920 2925 vos
950 2879 1043 2943 quam
1061 2859 1239 2941 adjutores
1268 2868 1366 2942 atque

207 2957 346 3034 agentes
367 2948 497 3032 exigere
521 2949 666 3026 debeant,
687 2948 762 3012 nihil
783 2948 916 3030 amplius
934 2954 1137 3029 praesumant
1155 2945 1209 3009 vel
1232 2942 1367 3030 exigere

206 3036 261 3098 vel
288 3033 419 3098 arrferre.
468 3034 505 3098 Si
531 3037 601 3118 quis
627 3054 706 3097 sane
734 3033 907 3097 secundum
928 3051 1119 3096 consensum
1138 3039 1285 3094 nostrum
1306 3047 1366 3092 ac-

207 3122 372 3206 quiescere
395 3120 528 3188 noluerit
543 3121 598 3186 vel
615 3121 671 3184 tibi
688 3118 802 3182 inferre
820 3120 946 3182 minime
962 3117 1179 3200 praecuraverit
1199 3119 1232 3179 in
1254 3114 1365 3197 specie

207 3205 291 3290 quod
318 3201 374 3269 tibi
402 3206 603 3286 convenerit,
635 3203 760 3268 fiscum,
774 3223 866 3268 suum
890 3205 1003 3266 inferre
1023 3211 1178 3288 procuret.
1218 3194 1365 3282 Quodsi

208 3294 248 3356 ab
279 3290 448 3374 egentibus
467 3290 585 3356 vestiis
613 3290 718 3374 aliqua
744 3299 957 3372 superexacta
982 3287 1117 3369 fuerint,
1144 3305 1243 3369 quarn
1267 3282 1365 3365 hujus

206 3377 355 3442 consensi
363 3375 398 3456 ⁴)
415 3379 513 3441 nostri
537 3383 626 3437 tenor
645 3375 847 3458 demonstrat,
865 3395 927 3440 vos
947 3373 1115 3440 emendare
1137 3381 1171 3439 et
1191 3372 1361 3437 restituere

206 3463 261 3529 cri
283 3463 497 3532 malenutrita
510 3469 586 3530 suot
607 3459 766 3546 ordinetis.
861 3507 865 3515 i
1010 3529 1014 3536 ‚
1076 3524 1080 3536 ,
1115 3504 1120 3515 .
1234 3507 1240 3516 .

292 3550 329 3610 In
355 3566 416 3630 quo
449 3564 608 3611 consensu
635 3545 745 3608 subter
771 3544 825 3629 qui
845 3541 1063 3610 consensimus
1085 3539 1229 3608 manibus
1250 3536 1365 3604 nocuis

207 3633 460 3713 subscripsimus.
501 3631 637 3692 Factum
664 3649 852 3696 consensum
880 3632 939 3694 sub
970 3629 1021 3694 die
1041 3630 1140 3712 pridie
1160 3629 1275 3695 Nonas
1295 3626 1367 3692 No-

207 3720 461 3790 vembresabnol
475 3717 612 3802 septimo
624 3715 722 3802 :regui
744 3717 860 3782 domini
880 3715 1010 3781 nostriss'

244 3975 274 4044 1)
292 3977 430 4040 teqttgcam
453 3967 482 4022 in
502 3973 539 4032 t,
563 3974 683 4038 matema
704 3965 733 4020 in
752 3983 787 4018 rn.
804 3967 842 4018 lid.
894 3994 930 4008 -
987 3965 1018 4032 ἱ)
1034 3963 1094 4022 Hoc
1112 3967 1248 4022 decretum
1266 3965 1294 4020 in
1312 3963 1365 4014 col·

208 4018 213 4044 ¹
276 4041 395 4096 lectione
411 4035 499 4091 Mansi
516 4037 630 4107 ponitque
648 4043 689 4088 est
711 4043 772 4102 post
791 4033 938 4090 Concilium
961 4034 1237 4104 Caesaraugustam
1256 4053 1285 4088 a.
1304 4031 1364 4090 bat·

209 4117 215 4130 ’
276 4117 339 4164 cirn'r
355 4105 541 4176 inscriptione:
560 4110 679 4170 Dc‘flecc'
693 4111 872 4157 Barcinonenot
889 4123 950 4160 cero
968 4109 1091 4160 DCXXX.
1117 4136 1153 4147 -
1188 4108 1218 4176 ³)
1237 4113 1363 4170 episcopor

283 4186 480 4244 Torrcconcnrtr
497 4177 559 4230 add.
577 4177 615 4230 Μ.
650 4204 685 4216 -
734 4176 763 4245 ⁴)
783 4173 984 4230 corrtcncut'lli.¹
1010 4189 1054 4215 -’
1286 4181 1288 4188 ’
1340 4177 1344 4184 ’

603 4455 978 4474 Ἣ
