2874 5044
420 271 946 344 norcomannorum
1155 255 1156 260 ‘
1222 271 1266 338 a

101 455 155 518 lis
186 452 241 514 Dc
270 449 322 514 tte
350 450 406 534 qui
423 449 561 532 jubente
588 447 733 534 episcopo
755 449 872 512 antea
887 443 921 528 ¹)
949 445 1043 534 coulpe
1065 445 1108 511 ab
1128 443 1262 508 meaa

440 555 442 560 ·
523 537 847 601 ostrerwntenmwat.
1239 579 1243 586 .

179 622 254 704 oui
278 620 414 704 jubente
440 621 607 686 sacerdote
633 639 689 704 pro
718 635 916 703 quacumque
944 619 1037 700 culpa
1057 617 1098 680 ab
1119 616 1260 682 ccclesia

103 711 194 774 exire
211 706 531 791 contemperantia),
559 725 616 791 pro
636 725 721 772 noxa
741 701 959 775 cammada
973 703 1008 784 ⁸)
1036 703 1156 768 rodim
1175 703 1260 770 reol-

101 799 231 882 piautur
244 794 278 874 ⁴)
299 793 340 858 ad
359 795 496 884 veniam.
940 874 943 880 Ι

160 899 218 962 Xl.
268 897 320 959 De
352 896 478 959 clericis
512 898 568 980 qui
596 898 632 959 in
661 903 804 960 mutuam
832 895 961 960 cardon
983 897 1205 978 prorumpunt.

195 981 231 1045 Si
251 981 358 1045 clerici
382 983 415 1043 in
440 991 580 1046 mutuam
607 983 738 1046 caedem
763 983 974 1063 proruperint,
1001 988 1094 1061 prout
1121 977 1261 1059 dignitas

107 1069 275 1131 officiorum
303 1069 335 1130 in
364 1069 420 1129 tali
447 1087 587 1132 excessu
611 1069 832 1133 contumeliam
858 1066 1037 1150 pertulerit,
1064 1083 1086 1128 a
1110 1059 1260 1146 pontifice

103 1153 277 1218 districtius
296 1151 482 1217 vindicetur.

100 1258 172 1323 xli.
204 1255 257 1317 De
277 1255 328 1319 bis
351 1261 406 1342 qui
427 1264 539 1320 contro
561 1276 697 1320 canones
719 1255 864 1320 ordinati
883 1260 968 1331 aunt,
990 1260 1027 1316 ot
1048 1251 1257 1336 deponuntur.

183 1340 252 1422 ¹Qui
270 1351 379 1404 contra
398 1342 528 1406 decreta
546 1362 699 1406 carrormm
719 1343 888 1405 indiscrete
906 1342 1041 1405 clericos
1057 1357 1159 1420 usque
1175 1353 1259 1398 nunc

101 1427 324 1490 ordinaverunt
337 1427 390 1511 ⁵),
413 1430 460 1491 eis
480 1427 626 1492 ‘dominus
645 1430 698 1491 vel
720 1437 833 1492 sancte
855 1436 889 1490 et
901 1426 936 1508 ⁸)
958 1424 1181 1506 ecclesiastica
1201 1437 1260 1484 ca-

102 1515 181 1576 ritas
201 1514 371 1596 ignoscat:
397 1512 509 1578 amodo
530 1534 607 1578 vero
628 1515 658 1578 si
676 1511 709 1579 in
729 1515 804 1576 talia
819 1511 853 1593 l)
873 1531 954 1586 ausu
975 1509 1177 1596 proruperint,
1198 1507 1259 1572 de-

103 1609 223 1664 cretum
245 1617 415 1682 canonum,
443 1598 527 1683 quod
547 1601 633 1663 eirca
653 1618 759 1664 eorum
780 1617 932 1679 personas
953 1604 1107 1662 statutum
1129 1603 1197 1677 est,
1226 1592 1259 1656 id

102 1695 153 1750 est
175 1693 213 1747 ut
233 1684 349 1747 nullum
371 1685 513 1749 ordinare
534 1683 687 1768 audeant,
714 1686 917 1768 observetur,
944 1686 1004 1756 vel,
1023 1682 1077 1772 qui
1104 1680 1258 1760 deinceps

101 1770 237 1836 ordinati
256 1771 371 1834 fuerint
391 1770 602 1854 deponantur3
622 1767 655 1834 hi
674 1790 750 1835 vero
773 1771 826 1852 qui
845 1771 928 1836 tales
948 1769 1106 1834 hactenus
1125 1763 1258 1829 ordinati

100 1865 198 1938 sunt,
227 1856 310 1918 nullo
332 1865 472 1937 tempore
493 1865 734 1937 promoveantur
749 1855 794 1936 ⁸).
1162 1901 1165 1906 -

120 1959 231 2036 xlll-
249 1957 300 2022 Dc
322 1957 490 2025 sabolinis
511 1961 567 2044 qui
582 1959 679 2043 ,filios
699 1979 772 2022 auos
793 1958 982 2042 baptismati
1002 1957 1164 2020 haeretico

595 2046 761 2108 dederunt.
821 2089 824 2094 -
1224 2093 1228 2100 .

187 2129 372 2196 Catholicae
392 2127 446 2214 qui
472 2125 555 2192 filios
574 2147 653 2192 suos
672 2131 704 2192 in
724 2127 849 2192 haeresi
869 2123 1078 2208 baptizandos
1099 2121 1255 2204 obtnlent,

105 2217 218 2281 oblatio
240 2214 323 2280 illius
338 2214 374 2300 ,in
397 2215 537 2278 ecclesia
558 2215 735 2286 nullatenus
755 2214 933 2296 recipiatur.

120 2318 209 2386 XIV.
250 2317 302 2380 lle
321 2317 509 2397 anuline,
531 2324 570 2380 at
590 2337 662 2382 cum
681 2317 899 2400 rebaptizata.
912 2335 977 2382 aon
998 2321 1233 2382 emereamur„

186 2401 496 2484 Cum'retaptuatis
516 2401 630 2467 fideles
648 2403 790 2486 religiosi
810 2399 924 2470 necin
945 2404 1015 2468 cibo
1037 2401 1236 2485 participent.

142 2504 216 2568 XV.
261 2504 304 2568 Ut
331 2505 442 2568 clerici
467 2525 538 2568 oum
564 2508 726 2570 extraneis
754 2504 937 2569 mulieribus
963 2523 1027 2567 aon
1051 2504 1210 2566 bullient.

185 2590 440 2653 Familiaritatem
468 2599 686 2652 extranearum
712 2592 874 2652 mrrlierum
900 2589 977 2652 licet
997 2607 1039 2650 ex
1059 2596 1127 2649 toto
1149 2584 1254 2649 sancti

98 2681 208 2756 patres
239 2677 375 2758 antiquis
401 2673 622 2739 monitionibus
649 2674 869 2755 praeceperint
898 2672 1045 2735 ecclesiis
1059 2670 1094 2750 ⁹)
1126 2671 1254 2732 evitan-

99 2759 190 2844 dam,
216 2760 250 2823 id
270 2779 354 2825 nunc
374 2769 482 2824 tamen
503 2759 665 2839 nobis10)
693 2760 797 2823 visum
818 2766 885 2840 est,
912 2764 949 2820 ut
969 2756 1023 2839 qui
1043 2755 1117 2819 talis
1136 2755 1253 2838 proba-

97 2847 195 2928 bitur,
222 2854 297 2928 post
323 2847 454 2929 primam
480 2853 515 2908 et
536 2845 707 2910 secundam
728 2843 999 2910 commonitionem
1021 2843 1050 2906 si
1064 2840 1120 2920 ¹¹)
1142 2860 1254 2904 emen-

96 2931 173 2996 dare
201 2930 397 3016 neglexerit,
427 2931 530 3001 donoc
550 2932 582 2996 iu
603 2932 682 2996 vitio
702 2937 889 3016 perseverat
910 2928 1004 2992 officii
1024 2926 1075 2992 sui
1095 2926 1252 3010 dignitate

95 3019 256 3100 privetur,
282 3015 365 3100 quod
386 3012 416 3080 si
436 3035 474 3079 se
496 3015 556 3079 deo
574 3014 709 3098 juvante
730 3015 921 3104 correxerit,
947 3021 1059 3078 sancto
1080 3012 1252 3077 ministerio

95 3111 299 3167 restauretur.
709 3105 712 3116 '
905 3101 907 3108 '

94 3204 185 3272 XVI.
224 3201 264 3266 Si
282 3203 431 3269 sacerdos
450 3205 594 3282 moritur,
657 3203 694 3267 td
713 3203 753 3267 de
772 3204 865 3266 rebus
886 3201 1039 3269 ecclesiae
1060 3204 1250 3267 clametur.

98 3289 100 3292 ⁴
183 3290 278 3352 hicet
303 3288 344 3352 de
370 3309 405 3352 re
426 3288 609 3371 hujuscemo
633 3295 643 3354 i
661 3309 755 3372 quam
775 3291 967 3353 constituere
987 3291 1104 3352 salubri
1124 3289 1250 3353 ordina-

97 3375 185 3438 tione
217 3373 412 3440 decernimus
428 3376 483 3455 ¹²)
518 3377 624 3462 prisca
658 3373 831 3440 auctoritas
865 3394 1018 3438 canonum
1051 3393 1250 3455 nequaqnam

97 3457 239 3540 siluerit,
270 3461 331 3526 sed
358 3460 498 3526 evidenti
522 3464 692 3533 ,sanatione
716 3462 931 3543 praeceperit,
962 3469 998 3522 ut
1024 3457 1249 3540 ‹ujusoumqua

97 3545 258 3610 ecelesiae
284 3546 434 3628 pontifice
461 3545 610 3611 defuncto
638 3566 700 3610 non
726 3548 846 3629 passim
866 3564 921 3627 pro
941 3547 1030 3608 libitu
1054 3564 1113 3608 suo
1134 3546 1165 3606 in
1190 3562 1249 3610 ea-

95 3649 165 3696 rum
186 3645 288 3694 rernm
309 3633 583 3716 direptionem¹³),
603 3646 683 3716 quas
697 3633 808 3694 obiens
823 3630 1018 3712 derelinquit,
1040 3627 1248 3711 quisquisli)

96 3717 195 3782 irruat
213 3713 401 3798 domumque
421 3719 596 3800 subvertat,
617 3717 676 3781 scd
697 3717 848 3783 sacerdos
869 3718 922 3798 qui
942 3718 1143 3796 exequiarum
1163 3720 1250 3778 teml-

98 3820 176 3884 pore
197 3800 291 3866 adest
312 3799 415 3865 omnia
435 3821 517 3884 quae
538 3804 579 3867 ed
598 3804 766 3866 utilitatem
792 3811 826 3865 et
851 3802 1125 3868 conservationem
1144 3805 1249 3884 perti«-

97 3894 178 3949 neut
202 3886 317 3949 debeat
337 3886 480 3971 diligenti
500 3885 781 3972 circumspectione
801 3889 937 3951 munire:
957 3895 1062 3949 tamen
1079 3885 1152 3971 quia
1167 3891 1249 3954 haec

97 3973 173 4052 ipsa
191 3973 324 4053 sanctio,
346 3971 428 4053 quod
448 3971 540 4058 pejus
562 3983 622 4058 est,
644 3994 664 4037 a
684 3973 789 4040 multis
810 3973 933 4036 clericis
953 3971 1158 4056 cognoscitur
1175 3974 1249 4039 vio-

97 4055 173 4139 lari,
194 4057 237 4119 ita
258 4066 294 4120 ut
315 4057 521 4122 occumbente
542 4061 727 4142 sacerdote,
756 4066 960 4140 expectorato
980 4057 1106 4134 affectu,
1120 4060 1249 4141 totaque

95 4141 280 4222 discipilum
300 4144 473 4210 severitate
493 4146 686 4228 posthabita,
705 4146 879 4210 immaniter
898 4163 981 4228 quae
1001 4143 1035 4211 in
1050 4147 1146 4210 domo
1166 4165 1249 4229 pon-

134 4325 164 4392 1)
181 4333 287 4378 retruso
299 4323 367 4379 ibid.
409 4356 445 4369 -
487 4328 710 4399 quaerentem
726 4329 763 4382 M.
803 4321 838 4374 '·-'
885 4332 914 4400 ³)
933 4337 1093 4386 contentatur
1111 4329 1190 4402 inlrn.
1210 4334 1247 4386 Mt

132 4395 164 4462 ⁴)
181 4405 319 4459 recipiatur
335 4397 372 4452 Μ.
419 4426 455 4438 -
500 4399 528 4466 ³)
547 4407 716 4454 ordinaverint
732 4401 770 4454 M.
812 4430 849 4440 -
900 4395 973 4526 “did
991 4404 1065 4456 deest
1081 4417 1122 4470 ap.
1140 4403 1169 4454 M
1211 4431 1247 4443 -

131 4465 164 4533 ⁴)
182 4473 229 4519 tan
244 4467 283 4519 M.
317 4498 353 4508 -
387 4468 417 4536 ⁸)
436 4480 595 4526 amoveantur
606 4465 650 4523 AE.
670 4471 704 4524 T.
719 4473 753 4535 2,
771 4475 798 4524 et
815 4471 843 4524 in
861 4489 894 4525 nr.
942 4510 948 4523 .
977 4501 1012 4511 -
1047 4471 1076 4537 ⁸)
1095 4479 1248 4525 certaturu-

166 4545 204 4587 cis
220 4536 249 4589 ln
267 4541 412 4604 imolensis
428 4538 456 4591 in
474 4556 508 4595 111.
523 4541 561 4592 Μ.
589 4569 624 4604 -,
658 4539 707 4606 1⁰)
725 4550 851 4597 uobiscum
868 4539 950 4594 Hand.
977 4542 1094 4606 7'11)
1113 4551 1246 4604 sipost..

166 4603 249 4658 unt.
290 4609 641 4675 5¹²)denrectmoclll„
675 4619 711 4650 -'-
761 4612 810 4680 1³)
829 4617 1082 4673 cte...rttrqrttone
1099 4611 1138 4662 M.
1173 4639 1206 4649 κ

110 4674 163 4742 ¹⁴)
181 4685 308 4740 quamam
325 4677 361 4730 M.
397 4707 432 4720 -·
609 4681 612 4686 '
