2868 5040
343 233 587 321 ebreduni
609 244 909 322 nunnonnnsn
927 252 963 320 n.
1163 234 1227 327 ‘aas

60 432 227 507 severat}
257 426 291 488 et
316 405 350 486 s'i‘
375 417 449 506 quid
475 427 557 489 inter
581 425 709 509 batres,
738 423 770 489 id
791 431 845 490 est
864 428 1071 510 coepiscopos
1091 434 1226 519 nostros,
1325 429 1327 435 ’
1375 391 1377 395 ¹

61 511 287 575 contentionis
313 518 415 573 ortum
443 511 551 594 llrerlt,
580 514 609 576 si
635 511 677 576 de
705 529 769 574 nna
796 514 956 592 provincia
985 524 1074 594 sunt,
1107 527 1227 578 metro-

60 593 204 679 politani
237 613 308 658 cum
350 595 660 680 comprovincialibus
700 596 769 658 suis
805 596 922 676 judicio
962 599 1025 660 sint
1067 603 1226 686 contenti,
1345 672 1347 675 ,

61 684 98 745 si
145 700 222 744 vero
263 679 423 743 diversae·
455 679 652 760 provinciae¹
676 680 738 744 dno
780 681 894 744 fuerint
927 683 1112 766 sacerdotes
1148 688 1226 750 inter

62 763 156 849 qnos
197 763 301 851 aliqua
342 763 533 848 disceptatio
574 765 714 850 orietur,
758 767 1018 832 convenientibus
1058 768 1088 830 in
1131 789 1226 834 uuum

61 849 326 932 metropolitanis
335 849 496 931 ipsorum,
526 854 627 914 omnis
652 865 758 914 eorum
780 851 864 913 actio
884 851 1003 916 illorum
1018 850 1136 932 judicio
1159 863 1227 919 ter-

61 938 225 998 minetur:
256 937 300 997 ita
329 944 367 997 ut
395 937 424 998 si
451 955 533 998 unus
561 955 603 998 ex
631 931 792 1016 episcopis
823 935 868 999 ab
894 935 955 998 alio
984 939 1147 1019 episcopo
1165 944 1227 1004 'aut
1313 1010 1315 1014 Α

64 1041 88 1084 a
115 1039 316 1104 quacumque
335 1039 471 1104 persona
491 1021 596 1104 inique
627 1020 721 1086 fuerit
748 1031 959 1104 aggravatus,
986 1027 1226 1098 connutritae

63 1116 157 1168 trum
179 1103 282 1179 studio
303 1125 377 1166 cum
397 1095 450 1167 dei
470 1106 583 1188 solatio
611 1103 800 1184 defensetur.
846 1105 938 1184 Quod
964 1107 992 1170 si
1021 1110 1092 1188 quis
1120 1128 1157 1172 se
1184 1114 1224 1175 ab

61 1192 144 1254 hac
158 1187 334 1260 conditione
356 1208 552 1272 quacumque
574 1188 746 1254 calliditate
773 1186 978 1272 subtraxerit,
1007 1193 1112 1257 tribus
1133 1215 1226 1261 meu-

65 1275 166 1340 sibus
187 1295 223 1338 se
245 1293 265 1337 a
286 1274 417 1338 caritate
438 1276 565 1338 fratrum
585 1275 708 1340 noverit
728 1293 802 1338 esse
823 1285 1089 1367 sequestratum..

111 1394 154 1456 ΙΙ.
199 1391 243 1456 Ut
269 1397 364 1458 rafae
390 1394 458 1457 aaa
485 1392 673 1458 donem
701 1395 917 1476 episcoporum
944 1399 981 1456 et'
998 1393 1182 1466 Meam

418 1476 572 1542 ecclesiae
590 1479 643 1542 vel
659 1479 737 1542 aliia
751 1482 878 1559 smero.
1092 1495 1095 1502 ⁴

158 1559 307 1622 Secundo
329 1559 416 1644 loco,
446 1563 521 1642 quia
539 1564 657 1627 multae
678 1564 956 1647 tergiversatiom
976 1560 1147 1626 infidelium
1161 1585 1223 1628 ees·

66 1644 205 1708 alesiam
227 1655 380 1727 quaerunt
401 1647 525 1710 collatis
545 1646 666 1728 privare
687 1647 839 1729 donariis,
869 1648 898 1708 id
920 1648 1068 1710 convenit
1086 1650 1223 1711 inviola-

66 1728 178 1792 biliter
205 1731 364 1792 observari
370 1776 381 1813 ,
409 1740 444 1792 ut
466 1740 656 1793 testamenta
678 1752 759 1813 quae
779 1733 938 1814 episcopi,
953 1732 1141 1811 'presbyteri
1162 1753 1222 1796 seu

66 1815 227 1876 inferioris
247 1814 361 1877 ordinis
381 1816 488 1888 clerici
508 1816 561 1878 vel
582 1815 768 1879 donationes
789 1825 845 1877 aut
866 1834 1082 1895 quaecumque
1101 1817 1222 1878 instru-

66 1908 183 1960 menta
210 1900 332 1979 propria
362 1900 524 1962 voluntate
551 1901 759 1979 confecerint,
784 1901 896 1980 quibus
923 1898 1038 1978 aliquid
1064 1902 1221 1963 ecclesiae

41 1992 129 2048 aut
159 1985 405 2064 quibuscumque
437 1985 578 2045 conferre
608 1985 795 2063 videantur,
831 1981 913 2044 omni
941 1983 1114 2046 stabilitate
1142 1987 1221 2048 sub·

65 2069 211 2148 sistant,
246 2067 277 2130 id
305 2068 484 2148 specialiter
515 2076 713 2145 statuentes,
746 2075 781 2128 ut
810 2064 934 2128 etiamsi
958 2085 1221 2152 quorumcumque

66 2151 289 2236 religiosorum
314 2153 463 2241 volputas
494 2162 549 2216 aut
577 2149 770 2216 necessitate
797 2161 852 2214 ant
877 2153 1078 2234 simplicitate
1105 2155 1219 2236 alirprid

66 2257 87 2300 a
114 2237 224 2320 legum
254 2235 461 2300 saecularium
487 2235 594 2299 urdine
622 2239 693 2298 visa
731 2235 821 2299 fuerit
848 2236 1042 2319 discrepare,
1073 2239 1220 2304 voluntas

67 2332 180 2384 tamen
206 2321 420 2384 destructorum
448 2321 566 2384 debeat
591 2323 781 2386 mencussa
806 2342 932 2384 manere
959 2331 993 2385 et
1018 2320 1050 2384 in
1078 2323 1220 2388 omnibus

67 2404 131 2468 deo
162 2405 294 2486 propitio
324 2406 480 2468 custodiri.
521 2409 571 2468 De
598 2410 711 2488 quibus
740 2408 834 2469 rebus
855 2406 884 2468 si
904 2408 975 2486 quis
995 2408 1118 2469 animae
1139 2429 1222 2476 suae

66 2489 408 2572 contempter'aliquid
435 2490 572 2554 alienare
597 2488 856 2571 praesumpserit,
885 2506 988 2570 nsque
1007 2490 1047 2556 ad
1069 2494 1222 2558 entem·

66 2577 168 2638 tionis
187 2594 265 2638 suae
285 2577 337 2638 vel
359 2577 563 2644 restitutionis
583 2575 630 2636 rei
650 2577 774 2640 ablatae
797 2583 923 2653 tempus
943 2593 963 2636 a
984 2578 1141 2640 consortio
1161 2598 1223 2642 eo-

66 2657 253 2727 clesiastico
267 2661 320 2722 vel
341 2662 474 2724 omnium
491 2657 735 2724 Cluiatianonim
756 2659 901 2722 convivio
922 2658 1077 2720 habeatur
1089 2663 1222 2726 alienus,

111 2781 166 2842 lll.
210 2777 262 2841 De
281 2779 325 2838 tie
346 2778 402 2860 qui
422 2777 545 2859 aliquos
567 2779 630 2860 per
650 2780 714 2840 er‘ra
736 2783 769 2839 et
788 2779 881 2856 nesae
901 2780 1045 2860 captivos
1067 2785 1178 2846 teneat

346 2863 654 2924 excommunicandis
673 2865 739 2924 arisi
749 2860 943 2924 ''restituant
1048 2941 1049 2944 Ἴ

154 2943 198 3008 Et
212 2945 289 3026 quia
298 2947 442 3026 peccatis
456 2947 642 3012 facientibus
657 2949 744 3008 multi
758 2948 789 3006 in
809 2949 978 3027 perniciem
999 2943 1121 3010 animae
1141 2964 1229 3010 suae·

69 3031 114 3092 ita
134 3031 243 3094 conati
258 3040 337 3093 <eunt
357 3039 413 3094 aut
434 3040 585 3094 conantur
605 3047 789 3114 assurgere,
816 3039 852 3092 ut
877 3032 998 3094 animas
1018 3031 1114 3114 longa
1134 3040 1219 3096 tenr-
1255 3089 1256 3094 ,

69 3118 156 3194 poris
184 3116 291 3196 quiete
316 3117 387 3180 sine
414 3117 478 3180 ulla
504 3125 608 3178 status
635 3117 685 3178 sni
705 3115 925 3197 competitione
944 3116 1108 3199 viventes,
1135 3137 1220 3182 nunc

70 3201 210 3281 improba
229 3197 402 3283 proditione
423 3209 519 3282 atque
539 3201 706 3264 traditione
726 3210 781 3266 aut
802 3202 1032 3281 captivaverint
1045 3212 1100 3265 aut
1114 3207 1220 3284 capti«.

70 3303 146 3348 vare
178 3293 352 3367 conentur,
377 3282 406 3348 si
433 3283 526 3366 juxta
555 3295 758 3368 praeceptum
789 3286 904 3350 demini
933 3285 1021 3367 regis
1053 3289 1220 3368 emendare

72 3369 266 3451 distulerint,
299 3385 462 3451 quousque
494 3371 554 3433 hos
586 3389 666 3451 quor
695 3369 892 3433 abduxerunt
917 3371 949 3430 in
976 3371 1063 3448 loeo,
1098 3373 1129 3430 in
1157 3385 1220 3450 qno

71 3453 198 3536 longum
217 3464 345 3534 ternpus
363 3457 469 3535 quiete
490 3454 625 3517 vixerint
632 3499 643 3536 ,
672 3462 850 3515 restaurare
877 3452 1031 3534 debcant,
1062 3452 1220 3516 ecclesiae

72 3541 297 3600 mmmnmr'one
316 3539 484 3620 priventur.
1061 3541 1064 3546 ’

71 3649 124 3715 IV.
157 3653 200 3716 Ut
221 3655 260 3716 ab
281 3675 342 3720 uno
365 3659 510 3740 episcopo
531 3654 817 3717 excommunicatus
838 3652 878 3714 ab
900 3653 1041 3730 erunibus
1058 3645 1221 3744 ,mfaoopr‘s

408 3737 694 3804 excommunicatus
717 3737 881 3799 habeatur.
1141 3736 1147 3743 ’

155 3823 231 3885 lllud
254 3821 347 3886 etiarn
365 3824 445 3905 quod
468 3824 568 3885 suncti
588 3832 697 3904 patres
717 3823 891 3906 salubriter,
903 3819 1079 3886 ordinarunt
1097 3820 1225 3900 placuit.

73 3904 190 3989 iterari,
218 3916 254 3968 ut
273 3910 302 3970 si
323 3910 507 3990 quicumque
529 3908 774 3988 episcopuspro
797 3903 885 3969 reatu
906 3907 1009 3986 aliquo
1030 3924 1217 3988 quemquam

72 3995 325 4054 acommunione
354 3992 567 4073 suspenderit,
597 3992 681 4072 apud
709 4010 817 4052 omnes
839 3991 1020 4054 sacerdotes
1042 3999 1176 4054 eatenus
1196 4011 1216 4054 a
1244 4055 1247 4058 Α

73 4078 284 4140 communione
317 4079 469 4140 habeatur
502 4077 639 4155 alienus,
672 4093 836 4156 usqueque
863 4073 933 4154 ejus
953 4073 1072 4154 judicio
1100 4076 1218 4138 debeat

72 4156 166 4241 recipi
185 4179 205 4225 a
226 4179 298 4244 qno
316 4169 469 4226 rnemerat
494 4177 550 4242 pro
575 4169 667 4223 reato
691 4172 750 4222 suo
772 4159 945 4223 ecaritate
974 4161 1137 4224 ecelesiae·
1158 4172 1216 4224 se·
1298 4237 1302 4244 ι

72 4248 228 4321 quaenunt.
260 4255 264 4264 '
480 4267 483 4278 ¹
512 4264 514 4277 ¹
783 4274 786 4286 ·
872 4279 876 4286 -
960 4279 963 4286 .
1159 4253 1161 4260 '

105 4327 146 4394 V.
192 4331 235 4394 Ut
257 4351 337 4415 puae
359 4331 398 4394 ab
420 4331 565 4414 priscam
585 4325 687 4392 alicui
707 4329 741 4391 ia
763 4347 852 4390 mam
874 4335 933 4390 aut
948 4329 1186 4410 proprietatem

182 4413 305 4478 donata
326 4423 400 4480 aaut
421 4416 461 4480 ab
483 4417 549 4494 aaa
570 4413 797 4476 accessoribus
819 4434 882 4479 aaa
904 4415 1101 4492 auferentes.

152 4495 200 4562 ltt'
216 4501 294 4582 quia
309 4501 407 4573 multa
426 4510 500 4566 suut
519 4497 679 4563 ecelesiae
699 4499 845 4579 membra,
860 4517 942 4580 qrrae
956 4499 1085 4564 diverse
1093 4515 1214 4578 genere

72 4589 127 4651 Pl·
140 4583 331 4658 ,auem
348 4584 501 4670 qualitate
513 4584 565 4645 vel
578 4582 770 4650 &motion
787 4581 984 4648 sacerdotali
995 4580 1213 4646 murmuri
