2858 5036
170 279 176 286 ι
228 257 258 308 n
329 187 609 300 ¹‘conrcrorun
630 211 947 350 ιιιιιιιιιιιιιειι
1179 235 1227 300 ιι

50 361 183 471 cilicia
226 399 360 468 Proinde
388 398 523 468 instituit
550 406 631 468 haec
652 365 942 489 sanctasynodus,
971 417 1007 471 ut
1028 427 1139 472 omnes
1160 428 1223 490 pa·

50 491 222 557 roclritani
243 490 435 572 presbyteri,
454 487 546 569 juxta
568 499 603 552 ut
624 489 656 554 in
677 493 772 555 rebus
792 494 852 555 sibi
873 511 893 554 a
912 493 972 556 deo
995 494 1122 556 creditis
1143 512 1223 556 sen-

52 581 149 642 tiunt
171 578 287 639 habere
308 577 475 656 virtutem,
503 576 543 638 de
570 577 729 640 ecclesiae
755 595 834 640 suae
859 578 976 641 familia
1002 581 1134 644 clericos
1160 580 1223 642 sibi

52 664 187 726 faciant
209 679 299 744 qnos·
310 681 367 741 per
387 661 500 722 bonam
519 661 716 724 voluntatem
736 662 781 725 ita
801 664 952 745 nutriant,
973 673 1009 726 ut
1029 673 1063 728 et
1085 663 1222 728 officium

55 757 216 812 sanctum
237 743 333 828 digne
354 743 525 827 peragant,
551 755 585 808 et
613 746 653 810 od
675 748 851 810 servitium
857 768 948 812 suum
968 757 1061 829 aptos
1082 769 1139 812 cos
1160 752 1222 814 ha-

55 835 176 898 beant.
219 831 262 892 Hi
289 831 385 892 etium
412 833 531 892 victum
558 840 592 893 ct
618 834 771 896 vestitum
792 833 1027 916 dispensatione
1046 836 1222 916 presbyteri

59 917 289 996 merebuntur,
310 924 344 977 et
365 914 488 978 domino
511 925 545 978 et
564 919 681 1000 presby
683 926 749 981 tero
771 937 829 981 suo
852 929 947 1000 atque
965 920 1092 980 utilitati
1112 921 1222 982 eccle-
1287 958 1302 971 -

61 1005 140 1068 siae
167 1001 279 1064 fideles
304 1018 381 1062 esse
408 1000 523 1062 debent
523 1001 581 1080 ¹J.
624 1001 717 1080 Quod
743 1003 771 1066 si
796 1003 923 1088 inutiles
944 1005 1160 1086 apparuerint,
1186 1015 1222 1074 ut

61 1089 166 1169 culpa
196 1086 350 1167 patuerit,
386 1089 579 1168 correptione
593 1087 629 1166 ²)
662 1088 846 1188 disciplinae
875 1091 1031 1152 feriantur.
1088 1090 1126 1152 Si
1151 1093 1222 1171 quis

60 1174 324 1268 presbyterorum
353 1171 436 1233 hanc
464 1173 654 1234 sententiam
674 1174 800 1257 minime
822 1175 1007 1237 custodierit
1026 1184 1059 1236 et
1080 1195 1142 1236 non
1163 1175 1223 1237 ad-

61 1255 256 1339 impleverit,
277 1251 321 1318 ab
339 1257 489 1337 episcopo
510 1277 570 1352 sno
591 1259 783 1362 corrigatur,
804 1267 839 1321 ut
859 1261 1041 1342 plenissime
1063 1261 1224 1324 custodiat

62 1343 155 1426 quod
177 1341 272 1443 digne
290 1340 425 1421 jubetur.

87 1471 180 1534 XIX.
218 1467 261 1530 Ut
276 1469 451 1551 presbyter,
475 1491 527 1552 pm
522 1470 654 1552 plures
675 1472 826 1536 ecelesias
847 1473 994 1536 babuerit
1014 1475 1205 1552 commissas,

143 1575 207 1639 pro
221 1555 358 1638 singolis
372 1551 541 1617 doninicr's
556 1556 666 1619 diebus
680 1557 866 1641 insiogulis
879 1561 1072 1640 aocnflcr'cm
1086 1559 1145 1621 deo

497 1641 610 1732 offerre
631 1643 791 1708 intendat.

155 1725 192 1788 In
206 1724 364 1806 parochiis
377 1726 495 1788 multae
509 1735 582 1789 sunt
605 1728 763 1801 ecclesiae
784 1731 975 1792 constitutae
981 1749 1093 1812 ,quae
1109 1749 1128 1790 ιι
1142 1727 1225 1790 fide·
1267 1757 1270 1760 ·

68 1811 154 1874 libus
182 1811 287 1874 factae
315 1820 370 1873 aut
395 1831 531 1893 paucum
560 1821 616 1875 aut
644 1811 718 1874 nihil
743 1814 785 1876 de
810 1817 905 1876 rebus
924 1815 1069 1877 videntur
1088 1815 1224 1894 habere3

70 1896 265 1974 sacerdotali
293 1915 370 1979 ergo
403 1897 532 1960 decreto
560 1899 746 1980 presbytero
775 1900 829 1961 uni
859 1901 964 1979 plures
994 1907 1105 1961 extant
1135 1917 1226 1960 conr-

71 1983 214 2064 missae,
248 1981 331 2044 unde
364 1982 541 2044 cavendum
575 1992 626 2044 est
655 2003 696 2044 ne
723 1993 909 2046 occurrente
936 1992 1122 2064 paupertate
1150 1982 1226 2043 ordo
1285 2007 1289 2015 ¹

71 2067 189 2130 ibidem
223 2086 285 2130 non
318 2069 482 2148 impleatur
511 2068 640 2130 missae.
698 2067 832 2130 Proinde
860 2069 975 2131 salubri
1002 2067 1227 2130 deliberatione

75 2169 262 2234 censemus,
289 2160 323 2213 ut
344 2167 399 2232 pro
421 2154 493 2236 sing
473 2151 561 2214 vulis
576 2153 749 2255 quibusque
764 2154 957 2217 ecclesus
917 2200 927 2235 ,
947 2175 978 2215 ιιι
1000 2140 1111 2236 quibus
1132 2171 1226 2234 pres-

74 2235 199 2320 byter
187 2255 297 2317 jussus
317 2238 410 2306 fuerit
429 2258 486 2319 per
507 2237 556 2299 sui
577 2239 718 2321 episcopi
737 2239 960 2302 ordinationem
980 2259 1148 2321 pracesse,
1169 2257 1225 2319 pro

76 2323 211 2406 singulis
240 2323 350 2385 diebus
376 2323 538 2388 dominicis
553 2322 587 2402 ³)
620 2323 805 2393 sacrificium
836 2325 896 2388 deo
929 2335 1075 2406 procuret
1104 2325 1225 2421 offerre,

77 2417 117 2470 et
141 2427 246 2480 eorum
271 2408 411 2489 nomina,
440 2428 461 2471 a
488 2409 600 2490 quibus
621 2429 678 2472 eas
705 2411 861 2490 ecclesias
890 2421 1017 2473 constet
1041 2430 1116 2472 esse
1146 2414 1226 2471 con-

78 2501 217 2555 structas
244 2494 297 2554 vel
323 2494 375 2574 qui
403 2493 518 2593 aliquid
543 2492 607 2558 his
613 2495 735 2558 sanctis
756 2493 903 2573 ecclesiis
922 2495 1032 2556 vident
1020 2504 1068 2556 tur
1088 2504 1144 2556 aut
1165 2495 1226 2555 visi

69 2587 151 2664 rsunt
173 2579 360 2660 contulisse,
389 2580 417 2639 si
436 2580 612 2640 viventes
605 2601 635 2639 ιιι
657 2598 786 2658 corpore
806 2588 897 2659 sunt,
926 2584 999 2640 ante
1021 2580 1119 2640 altare
1142 2577 1227 2639 reci-

76 2672 182 2725 tentur
200 2667 340 2744 ternpore
359 2661 496 2745 missae,
516 2663 642 2744 quodsi
656 2665 695 2725 ab
714 2663 776 2726 hac
798 2625 1005 2725 deces'serunt
1026 2670 1081 2726 aut
1100 2663 1228 2724 disces-

77 2749 176 2811 serint
202 2750 288 2829 luce,
321 2751 446 2815 nomina
473 2761 578 2810 eorum
606 2767 677 2811 cum
704 2747 862 2812 deiir‘nctis
887 2748 1031 2823 fidelibus
1058 2748 1227 2810 recitentur

80 2853 139 2896 suo
167 2835 198 2894 in
226 2833 340 2895 ordine.
383 2835 420 2896 si
446 2835 536 2916 quis
544 2834 626 2898 hanc
654 2835 881 2896 institutionem
907 2835 1074 2917 presbyter
1099 2834 1227 2934 implere

79 2919 265 3002 neglexerit,
286 2919 359 2980 dum
381 2920 454 2982 talis
474 2939 573 2982 causa
593 2939 649 3000 per
668 2920 840 3001 quemlibet
859 2919 899 2981 ad
918 2939 1009 2982 aures
1025 2921 1073 2982 sui
1088 2918 1229 3000 episcopi

78 3003 272 3086 pervenerit,
298 3005 464 3087 presbyter
490 3006 542 3066 illc
569 3006 900 3068 excommunicationis
928 3006 1087 3068 sententia
1112 3006 1230 3067 ferien-

78 3090 139 3152 dus
160 3091 227 3152 erit.

114 3189 187 3254 XX.
221 3191 379 3270 Qualiter
400 3192 529 3262 libertos
550 3193 687 3276 episcopo
681 3193 838 3274 sociant
859 3191 911 3255 cel
930 3191 1068 3276 qualiter
1089 3193 1197 3256 liberti

267 3298 287 3338 o
305 3279 491 3359 patrocinio
514 3279 666 3342 eccleciae
686 3299 846 3362 nunquam
865 3279 1043 3342 discebat.
1090 3285 1095 3290 '

163 3378 200 3438 ln
220 3375 354 3459 priorum
371 3399 529 3444 canonum
550 3379 656 3442 ordine
677 3379 855 3442 institutum
874 3389 982 3441 manet
1003 3379 1136 3459 qualiter
1160 3378 1231 3457 epi-

83 3463 172 3542 scopi
191 3462 231 3525 de
251 3465 367 3528 familia
387 3467 546 3530 ecclesiae
564 3466 694 3529 libertos
708 3464 845 3526 debeant
862 3461 977 3526 facere.
1009 3463 1101 3524 Multi
1116 3463 1231 3524 etenim

82 3547 286 3631 sacerdotes,
322 3559 414 3630 prout
442 3547 503 3613 illis
525 3547 695 3613 'concessit
719 3547 825 3611 divina
850 3550 971 3631 gratia,
1004 3547 1122 3610 habent
1147 3545 1230 3608 unde
1271 3561 1275 3570 ’

85 3634 266 3695 canonicum
294 3634 432 3698 ordinem
460 3635 609 3715 impleant
639 3642 672 3694 ct
701 3635 750 3696 sic
776 3634 903 3696 libertos
930 3631 1067 3715 faciant,
1096 3641 1129 3694 et
1157 3641 1231 3695 sunt

85 3719 181 3797 multi,
203 3720 256 3798 qui
276 3719 351 3780 nihil
370 3720 525 3783 habentes
546 3719 586 3780 ed
607 3720 691 3780 hanc
701 3719 853 3816 gratiam
861 3720 993 3780 veniunt
1012 3727 1046 3780 et
1066 3717 1115 3780 sic
1134 3718 1231 3781 liber-

85 3812 134 3866 tos
157 3803 264 3865 iacere
290 3813 501 3883 praesumunt
543 3795 640 3866 Telos
664 3803 762 3866 etium
787 3802 916 3866 libertos
942 3804 1051 3885 regida
1079 3805 1231 3868 canonica

86 3907 238 3950 essenon
254 3886 347 3967 jubet
367 3891 539 3954 stabilitos:
560 3890 743 3972 contingere
760 3890 875 3952 etenim
897 3891 989 3970 solet,
1010 3897 1045 3950 ut
1064 3899 1230 3972 postquam
1278 3884 1283 3888 ’

86 3974 287 4068 manumissor
307 3993 413 4037 eorum
434 3975 473 4036 ab
486 3975 556 4040 hac
578 3975 762 4038 discesserit
781 3976 868 4056 lucc,
895 3974 967 4036 talis
988 3985 1132 4038 occurrat
1152 3995 1230 4038 suc-

87 4077 192 4122 cessor
220 4055 274 4137 qui
302 4069 358 4122 aut
377 4060 534 4123 ecclesiae
555 4059 702 4122 familiam
721 4060 846 4121 minime
868 4067 998 4138 quaerat
1017 4069 1073 4122 aut
1094 4081 1149 4142 per
1170 4061 1230 4122 bo·
1268 4051 1272 4066 '

86 4161 153 4204 uam
179 4143 373 4206 voluntatem
400 4145 453 4206 vel
466 4139 713 4227 negligentiam
742 4145 813 4225 bi,
804 4163 851 4207 a
879 4164 940 4225 quo
969 4145 1044 4208 nilril
1074 4145 1230 4209 ecelesiae

87 4226 274 4305 offerente⁴)
290 4229 377 4311 liberi
397 4229 473 4294 facti
492 4238 577 4311 sunt,
598 4231 693 4312 longo
713 4249 769 4328 pro
790 4238 930 4309 tempure
950 4231 1077 4294 libertos
1099 4249 1135 4291 se
1155 4248 1230 4292 csse

48 4393 51 4398 Ι
88 4311 271 4417 defendant,
305 4307 401 4412 atque
437 4333 494 4378 eas
529 4316 692 4380 libertates
714 4316 767 4378 ita
796 4315 992 4380 abscondant
1020 4324 1055 4378 ut
1080 4333 1136 4395 pro
1167 4316 1230 4378 hoc

129 4531 155 4599 1)
166 4530 335 4583 consolatur.
357 4559 393 4570 -
424 4528 453 4594 ²)
465 4538 618 4582 correctione
627 4531 663 4582 Μ.
687 4555 723 4570 ·-
748 4531 777 4598 θ)
792 4549 837 4592 per
851 4540 961 4596 stapulas
977 4539 1031 4582 riter
1045 4539 1179 4584 ιιοιιιιιιιοι
1194 4533 1231 4583 Μ.

153 4600 184 4654 el.
192 4601 290 4700 fone,
303 4599 388 4654 Tolot.
401 4597 470 4653 XVI.
491 4599 513 4674 'c
527 4603 552 4654 5.
576 4625 612 4639 -
636 4599 667 4668 ⁴)
684 4599 784 4660 Forte:
801 4607 934 4666 offerentes
951 4606 980 4654 ut
996 4600 1074 4656 infra.
1101 4601 1231 4656 Hardoin.
