2864 5042
486 259 859 348 stmsttruntnrn.
882 293 887 301 ·
1182 283 1248 351 ssa

43 445 233 510 dedimus
252 455 406 522 rectorem
420 446 468 529 ¹),
495 457 709 532 agnoscentes
737 453 853 516 nulline
878 451 969 516 uobis
988 451 1128 521 laborem
1145 452 1240 521 uiua

47 534 294 614 remansisse,
321 533 383 595 uisi
401 542 438 595 ut
457 532 650 598 dissidentes
670 554 741 600 cum
767 537 942 602 bumilitate
966 536 1117 620 propositi
1142 543 1241 606 uestri

48 619 115 681 ad
148 619 351 682 concordiam
367 619 573 682 honoremur:
592 622 666 702 quia
684 641 779 684 unum
799 631 909 688 tautae
929 623 974 688 rei
993 625 1135 690 resuta
1154 626 1238 692 unde

52 704 146 767 deo
170 707 367 786 placeremus
381 703 434 788 ²),
460 704 588 770 seilicet
607 715 643 768 'ut
663 711 766 772 sancti
787 711 935 791 principis
954 711 1117 778 voluntate
1131 710 1166 788 ⁸)
1187 713 1239 779 in·
1368 739 1371 744 ·

50 791 257 852 vitaremus
283 799 427 852 senatum
451 793 677 872 amplissimum¹
696 795 781 876 quali
799 797 936 876 oportuit
953 795 1112 878 legatione
1125 796 1238 862 'desti-

52 885 177 952 neta,
202 884 367 938 monentes
388 884 422 938 et
441 877 653 959 instruentes,
681 897 797 942 causas
819 880 870 943 dei
894 881 996 968 ipsium
1020 881 1236 962 iudiciumne

42 961 343 1042 summittendae,
370 963 422 1044 qui
443 963 531 1026 valet
547 981 666 1044 eorpus
685 963 831 1028 occidere
850 975 890 1036 at¹
904 967 1037 1034 animam
1058 964 1235 1038 mittereia

55 1049 282 1130 gehennam,
313 1045 367 1128 qui
396 1045 491 1111 dicit:
520 1047 812 1114 Midiot'cdt'ctam
841 1057 875 1114 at
903 1071 962 1134 ega
990 1053 1165 1124 nutribam
1178 1052 1236 1138 ⁴);

59 1132 169 1213 apud
183 1151 275 1214 quem
290 1131 484 1195 conscientia
502 1135 586 1197 unda
606 1144 677 1216 est3
695 1138 748 1198 cui
768 1155 829 1198 non
851 1137 1082 1204 ansomdunur
1100 1140 1235 1208 eoarlta

59 1218 236 1301 Cogitate
265 1217 437 1299 prudentes
467 1220 553 1282 viros
586 1229 729 1300 oportere
761 1230 879 1303 quauta
913 1214 1168 1294 mcouuenimter
1198 1233 1235 1292 at

59 1303 345 1385 praejudicialiter
373 1304 404 1364 in
430 1301 523 1387 bujus
549 1304 671 1388 negotii
686 1305 840 1388 principio
860 1307 1089 1391 contigissent,
1118 1317 1153 1374 et
1172 1329 1233 1382 ner

58 1391 169 1451 viam
198 1409 255 1471 per
283 1399 377 1470 quam
393 1387 427 1466 ⁸)
458 1391 520 1472 ipsi
544 1390 708 1456 vocabant·
730 1389 962 1476 remissionem,
993 1395 1139 1476 peccatis
1168 1415 1232 1461 non

65 1475 206 1556 aperire
233 1474 291 1538 sed
316 1471 484 1557 claudere,
509 1471 579 1557 qui,
607 1476 695 1558 quod
711 1477 898 1560 dicebatur,
914 1477 1023 1560 majori
1039 1479 1141 1560 judici
1159 1499 1232 1547 sun·

70 1577 220 1642 varrus,
250 1561 443 1622 instruentes
474 1579 532 1624 eos
560 1563 635 1643 quia
659 1571 812 1643 per-nor.
827 1565 888 1632 illis
898 1623 906 1638 ,,
916 1565 1063 1635 Christus
1088 1563 1232 1650 mnetuit,

67 1643 150 1708 non
164 1647 352 1712 asserentum
372 1643 437 1726 lupi
457 1645 589 1710 insidias
605 1647 788 1730 praeuidcre
809 1648 876 1715 sed
890 1650 1024 1732 pastoris
1034 1649 1081 1731 9),
1092 1651 1230 1718 maxime

61 1729 162 1812 quia
181 1731 213 1792 in
233 1733 327 1792 cadsa
343 1731 492 1812 praefata
506 1733 706 1816 multos„qni
728 1753 767 1798 se
786 1732 1034 1820 dedignabantur
1053 1753 1230 1818 agnoscere

72 1825 117 1878 et
146 1814 205 1879 dec
230 1814 433 1898 satisfacere,
450 1835 542 1884 ‚error
557 1818 761 1903 ,nvolvoram
789 1829 831 1884 at.
849 1821 923 1903 quia
946 1840 1009 1884 non
1034 1827 1180 1901 poteraut
1194 1819 1229 1898 ¹)

67 1903 170 1983 plura
189 1903 249 1964 sub
268 1903 330 1965 hac
348 1901 522 1990 occasione
537 1905 698 1968 ecclesiae
714 1904 855 1970 membm
872 1905 1023 1990 dispergi,
1044 1903 1103 1968 sed
1122 1905 1229 1988 magia

65 2007 137 2068 per
167 1987 435 2051 mansuetudinem
466 1990 634 2072 sustineri,
665 1989 749 2054 sicut
779 1988 853 2054 boni
881 2009 942 2054 nos
974 1987 1079 2077 operis
1109 1990 1228 2057 Paulus

69 2071 233 2156 magister
256 2075 464 2156 instruxerat,
489 2075 602 2138 dicens
625 2074 788 2138 sanandos
811 2085 888 2142 esse
911 2076 1059 2157 plurimos
1087 2094 1145 2156 put
1165 2092 1228 2157 ptt·

68 2160 219 2221 tientiam
252 2167 286 2221 et
315 2158 545 2239 doctrinam⁸).
600 2161 646 2223 tlt
673 2161 860 2242 quicumque
887 2168 1038 2244 putantur
1051 2157 1085 2240 ⁹)
1098 2219 1102 2228 .
1115 2159 1162 2227 rei
1192 2167 1227 2230 at

72 2246 228 2326 gravinum
248 2246 391 2327 peccatis
410 2245 559 2327 involuti,
587 2246 732 2328 quamvis
760 2245 863 2310 nullus
883 2239 935 2312 e'st
956 2248 1008 2328 qui
1028 2244 1226 2318 delictucts

68 2339 146 2393 reat
165 2332 249 2393 sieut
268 2332 411 2394 Joannes
430 2339 566 2394 testetur
585 2331 765 2413 apostulus:
793 2330 833 2396 st
847 2333 952 2396 dcam
968 2334 1044 2415 quic
1056 2337 1227 2414 paccata»

66 2435 139 2478 non
162 2416 260 2478 baben
280 2417 417 2478 mendae
436 2425 504 2479 lum
520 2416 591 2497 ¹⁰):
615 2417 679 2482 hos
697 2425 804 2482 tamen
824 2409 1103 2514 magis'pressuris
1122 2417 1227 2486 homi*

68 2521 150 2562 num
170 2501 359 2564 sustentari¹
370 2501 405 2581 ι)
422 2513 457 2566 et
477 2503 642 2584 perterreri
659 2504 785 2584 basque
801 2515 968 2583 passiones
984 2500 1105 2584 judicio
1117 2500 1224 2572 divine

69 2587 249 2670 suspendi,
277 2589 412 2650 maxime
443 2607 515 2652 cum
545 2587 598 2651 illa
628 2605 726 2668 quae.
742 2588 960 2669 praemisimus
985 2584 1067 2653 inter
1094 2588 1157 2652 alia
1181 2586 1223 2656 do

65 2672 260 2736 admonente
279 2671 370 2736 sedis
387 2675 559 2754 obstarent,
579 2674 653 2755 quia
668 2671 755 2754 quud
774 2681 942 2753 possessor
953 2670 1008 2750 ιι)
1029 2670 1099 2752 ejus
1118 2691 1225 2752 quea-.-

66 2757 146 2820 dam
167 2760 281 2820 beatus
301 2761 417 2824 Petms
433 2759 561 2840 meruit,
589 2759 622 2824 in
645 2759 837 2824 nobilitatem
856 2755 1072 2840 possessionis
1085 2757 1141 2836 ¹⁸.)
1161 2775 1225 2826 tte

67 2846 191 2926 cessit,
217 2852 253 2905 et
277 2845 453 2908 claritatem
471 2853 613 2908 veterem
633 2842 726 2908 vobis
742 2843 800 2908 dat
818 2843 859 2908 de
880 2835 1094 2908 Cluistidote
1112 2849 1221 2909 recto-

67 2929 344 3011 ribns,2clamans
369 2932 519 3014 scriptum
545 2948 619 2994 esse
645 2950 703 3013 per
728 2931 913 3012 prophetam
931 2947 974 2992 ex
995 2939 1131 3013 persona
1150 2926 1221 2996 deit

66 3013 236 3101 quuid
265 3037 333 3078 nora
363 3017 449 3092 nolet
484 3034 598 3078 moues
635 3037 707 3079 mee
735 3015 779 3076 ad
814 3013 1055 3080 censumattdwn
1081 3015 1222 3098 60⁸..th

64 3107 259 3164 erraverat
272 3095 356 3180 “Ji
395 3105 490 3165 llaec
516 3099 630 3164 eadem
654 3102 841 3181 saepissime
865 3103 950 3172 siout
971 3101 1107 3190 oportuit
1125 3119 1220 3181 tam-t

70 3197 248 3268 monentes,
268 3195 304 3248 ut
324 3185 635 3251 abiete-intentione
653 3184 857 3250 discederent
875 3195 909 3249 et
924 3187 1048 3254 tanton
1068 3195 1220 3274 assuunt

70 3271 157 3354 quod
177 3271 257 3334 deus
271 3272 498 3355 inspiraverat,
515 3269 608 3352 juxta
626 3271 804 3335 mundatum
825 3273 974 3354 principis
992 3287 1054 3337 nun
1069 3273 1220 3359 ‘discute-

66 3367 159 3438 rent,
187 3356 246 3422 sed
272 3368 476 3438 sequerentur
505 3359 590 3422 sicut
617 3358 752 3421 decebat
778 3359 935 3424 ecclesiae
955 3355 1052 3436 filios,
1065 3374 1138 3440 'neo
1157 3355 1218 3417 sub

66 3443 131 3506 hac
158 3443 387 3507 intermissione
412 3441 639 3510 contenderent
666 3449 700 3503 et
726 3449 907 3503 crescerent
932 3439 1091 3501 ecclesiae
1118 3438 1218 3501 detri-

68 3537 195 3602 mentaz,
216 3547 298 3608 quae
321 3548 373 3600 res
393 3527 548 3610 poscebat
565 3545 637 3590 cum
658 3525 855 3588 festinatione
880 3522 1043 3617 succurri,
1065 3532 1099 3586 et
1126 3509 1218 3587 nobis

68 3613 166 3695 hujus
181 3614 350 3675 celeritatis
359 3623 394 3675 et
406 3615 468 3676 illis
481 3611 678 3676 obedientiae
691 3611 871 3674 necessitas
884 3609 1074 3693 imminebat,
1081 3609 1217 3673 memma

68 3717 142 3761 cum
164 3715 285 3760 omnem
306 3718 408 3780 paene
427 3699 550 3781 plebem
572 3716 736 3761 cernamus
755 3697 825 3780 ejus
846 3695 1051 3770 communioni
1078 3691 1218 3757 indisso-
1341 3745 1347 3754 .

70 3782 223 3847 ciabiliter
241 3782 437 3866 adhaesisse,
454 3783 621 3865 cujusvos
633 3789 643 3823 ¹
654 3782 689 3861 5)
708 3802 770 3844 non
789 3781 912 3844 modica
932 3799 1008 3843 cura
1026 3779 1216 3860 stimulabat,

71 3889 111 3931 ue
133 3869 165 3930 in
186 3870 288 3952 aliquo
308 3869 463 3931 laberetur
484 3888 596 3932 errore.
637 3865 760 3946 Quibus
786 3863 934 3951 allegatis
954 3883 1026 3930 cum
1047 3865 1098 3928 dei
1118 3867 1217 3930 nostri

71 3953 280 4018 obtestatione
301 3955 507 4037 decernimus,
526 3954 633 4018 harum
653 3955 879 4018 necessitatum
894 3951 948 4014 vel
966 3949 1218 4036 religionum10)

116 4176 143 4245 r)
163 4184 232 4260 pauc
247 4185 387 4300 confidete
404 4185 516 4290 operiar,
527 4185 569 4231 aet
583 4186 701 4261 manuele
718 4183 877 4304 comfflentur.
902 4181 1117 4300 llcgltaemausudm
1131 4183 1216 4228 recto-

138 4263 289 4369 23:221ss
304 4284 385 4370 n'm.
403 4320 441 4372 Μ.
474 4250 808 4388 lmiiffld'ad'n
833 4345 868 4356 —
911 4318 940 4386 ι)
951 4248 1003 4382 {a
1018 4264 1083 4368 aad
1097 4253 1219 4368 m

116 4385 144 4452 ¹)
159 4395 206 4437 aed
223 4405 239 4438 a
254 4395 397 4448 portumnus
413 4389 480 4442 Luc.
502 4414 539 4427 -
570 4389 598 4457 ¹)
616 4397 744 4452 eportetrd
759 4385 788 4440 in
805 4405 839 4440 m.
856 4387 894 4440 Μ.
922 4417 957 4427 -
993 4387 1024 4455 ¹)
1041 4386 1215 4450 amnas.

116 4459 143 4521 ¹)
160 4463 186 4507 et
202 4465 245 4518 qut
262 4467 434 4520 computentur
449 4458 477 4511 in
495 4476 531 4511 m.
547 4457 585 4510 Μ.
619 4489 655 4498 -
694 4457 744 4525 ¹⁰)
762 4457 842 4511 lton.
854 4459 879 4524 l,
891 4457 918 4511 8.
952 4483 989 4496 -
1028 4457 1078 4525 ¹¹)
1094 4463 1219 4520 nemun

46 4525 54 4538 “
139 4525 168 4576 in
185 4543 220 4578 m.
236 4525 275 4578 Μ.
301 4554 344 4576 .-
383 4528 433 4597 ¹²)
450 4529 677 4591 precaminis.
711 4555 746 4566 -
785 4528 835 4596 ¹¹)
852 4535 1018 4591 pertuterit,
1037 4530 1072 4580 al.
1088 4543 1218 4580 macare-

139 4603 177 4646 Ῡϋ
193 4593 327 4717 ἰδίῲδοά-
367 4598 480 4666 “JJfflr
493 4597 539 4663 ω,
550 4599 577 4649 2·
610 4626 645 4640 '¹⁸'
685 4601 735 4665 Η)
752 4613 798 4650 m
815 4597 843 4651 in
860 4615 895 4650 m·
911 4597 950 4650 M·
983 4627 1019 4640 '-
1050 4597 1101 4666 Η)
1118 4604 1219 4663 TW*

140 4681 224 4717 rorum
240 4681 251 4717 1
268 4680 278 4718 ι
297 4702 305 4717 .
338 4693 375 4705 -
1092 4688 1096 4706 =
