2858 5036
385 228 926 324 macaron-annumeres.
1168 229 1234 301 ru

119 405 210 474 xiv.
247 405 290 473 Ut
310 404 422 478 cleriei
442 408 498 490 pai
519 407 554 470 in
575 408 712 472 ciuitate
726 405 855 486 foetor
876 405 1047 480 mulinis
1067 404 1190 490 hymnis

457 529 461 534 ·
574 494 736 557 intersint.
820 529 822 534 ·

148 574 308 640 ⁴Clericus
340 593 433 656 quem
468 576 549 646 intra
578 596 697 645 murum
725 571 865 640 civitatis
894 593 973 641 suae
1002 593 1127 638 manere
1152 593 1233 640 con-

72 660 195 728 stiterit
216 670 250 724 et
273 657 612 742 amntutinis‘bymnis
633 659 702 726 sine
723 660 873 741 probabili
894 661 1103 724 excusatione
1124 661 1233 744 aegri·

72 747 195 814 tudinis
216 747 364 806 inventus
392 741 483 806 inerit
498 741 678 828 defuisse,·
697 754 820 825 septem
842 745 952 807 dicbus
974 763 994 807 n
1016 747 1231 810 communione

71 831 228 894 habeatur
250 839 437 912 autrannus:
460 827 532 910 quia
553 830 724 892 ministrnm
745 847 902 892 sacrorum
925 848 963 890 eo
985 838 1143 912 tempore,
1169 849 1231 912 qno

70 936 139 979 non
172 922 280 996 potest
309 913 348 975 ab
377 911 481 990 officio
512 933 571 976 suo
600 915 663 977 ulla
691 915 826 976 honesta
856 911 1035 977 necessitas
1065 918 1232 998 occupare,

71 1001 126 1064 fas
147 1019 209 1062 nou
231 1005 284 1062 est
305 1017 325 1060 a
346 997 461 1060 salubri
481 997 650 1060 devotione
671 1015 809 1063 cessare.

89 1116 186 1211 ‚XV.
234 1115 278 1179 Ut
299 1117 384 1180 idem
406 1116 481 1179 or'do
500 1135 662 1204 sonorum
684 1111 717 1180 εἰ
732 1116 893 1208 psallendi
913 1115 1094 1180 dbaer‘uetur
1114 1121 1202 1184 intra

382 1257 392 1279 „
545 1204 758 1282 prouinciam.

161 1285 298 1350 Rectum
320 1304 444 1367 quoqne
466 1283 627 1367 duximus,
648 1297 684 1349 ut
704 1287 756 1348 vel
777 1285 858 1347 intra
878 1282 1070 1366 provinciam
1092 1291 1231 1353 nostram

70 1391 235 1438 sacrorum
257 1369 331 1432 ordo
355 1379 388 1432 et
412 1369 564 1451 psallendi
585 1390 648 1433 una
667 1369 710 1435 sit
731 1369 943 1453 consuetudo,
972 1379 1006 1433 et
1033 1371 1117 1435 sicut
1136 1393 1230 1439 unam

71 1478 150 1522 cum
177 1456 323 1519 trinitatis
350 1457 548 1520 confessione
574 1455 670 1520 fidem
697 1466 860 1536 tenemuS,
888 1473 981 1519 unam
1003 1464 1037 1518 et
1058 1457 1230 1525 officiorum

69 1543 218 1628 regulam
245 1543 431 1622 teneamus'3
464 1561 505 1602 ne
538 1542 626 1604 varia
657 1540 879 1606 observatione
909 1539 942 1602 in
969 1541 1073 1623 aliquo
1100 1541 1229 1608 dovotio

70 1638 186 1694 nostra
206 1625 384 1708 discrepare
406 1623 558 1706 credatur.

241 1743 330 1808 XVI.
354 1745 425 1807 'De
446 1744 592 1827 umutile
614 1742 647 1806 od
668 1739 805 1808 sortitor
825 1741 1006 1810 eductorum
1022 1745 1065 1825 ¹).
1322 1815 1325 1828 Δ

160 1831 213 1892 Αο
235 1847 275 1892 ne
296 1829 327 1892 id
349 1830 484 1894 fortasse
505 1829 650 1908 uideatur
667 1833 832 1912 omissum,
861 1832 944 1913 qnod
972 1832 1106 1894 maxime
1134 1829 1229 1896 iidem

76 1915 258 1981 catholicae
289 1914 447 1980 retioionis
479 1910 631 1996 infestat,
664 1915 747 1998 qnod
783 1917 933 1997 aliquanti
966 1915 1071 1980 clerici
1101 1916 1233 1980 student

74 2001 229 2084 auguriis,
252 2006 286 2062 et
306 1964 364 2062 sub
384 1999 508 2062 nomine
530 1999 625 2062 lictae
647 1997 807 2144 religionis
826 2019 906 2082 quas
927 2007 1106 2062 sanctorum
1126 2010 1232 2080 sortes

73 2085 197 2150 uocaui
225 2083 422 2148 divinationis
452 2083 617 2166 scientiam
645 2103 699 2168 pro
724 2093 847 2165 teutur,
883 2093 939 2146 aut
969 2094 1233 2169 quarumcumque

76 2170 302 2252 scripturarum
323 2170 519 2252 inspectione
541 2171 642 2231 sutura
662 2170 859 2250 promittunt3
880 2169 941 2232 hoo
962 2171 1148 2252 quicumque
1164 2173 1234 2236 ole-

74 2255 163 2320 rious
185 2257 330 2319 detectus
350 2251 444 2318 fuerit
465 2256 517 2317 vel
539 2254 703 2317 consulere
723 2255 776 2322 vel
798 2255 930 2339 docere,
953 2255 992 2319 ub
1015 2254 1153 2322 ecclesia
1170 2256 1232 2324 ha·

74 2343 190 2406 beatur
209 2350 386 2404 extranens.
1100 2341 1105 2352 '

75 2509 99 2574 d
160 2425 350 2574 lncf‘dumem
372 2443 516 2497 coronam
530 2432 669 2488 vestram
690 2426 849 2488 ecclesiae
870 2443 951 2489 snae
973 2423 1054 2490 deus
1072 2437 1232 2512 protegat,

101 2511 194 2574 omini
238 2520 331 2574 atres.

517 2703 788 2720 m

241 2885 590 2967 OO'NCILIUM
622 2889 1073 2988 AGATHnNsnu.

80 3077 184 3190 Cum
204 3123 237 3189 in
257 3127 380 3190 nomine
397 3126 431 3205 ³)
460 3125 574 3189 domini
600 3147 641 3188 ex
669 3124 822 3208 permissu
850 3127 964 3191 domini
983 3127 1089 3210 nostri
1114 3132 1233 3215 glorin—
1315 3112 1317 3130 ³

78 3218 215 3297 sissimi,
241 3216 541 3300 magnificentissimi
561 3217 754 3300 piissimique
775 3219 862 3302 regis
875 3217 913 3296 ι),
935 3218 967 3280 ἰη
989 3221 1119 3284 civitate
1139 3227 1234 3308 Aga-

79 3303 187 3365 thensi
212 3311 326 3364 sancta
354 3300 496 3398 spnrodus
525 3305 729 3366 convenisset
744 3301 796 3382 ⁵),
822 3300 929 3384 ibique
954 3304 1048 3366 flexis
1068 3307 1100 3366 in
1120 3315 1233 3372 terram

77 3427 281 3445 *nn-u·-

122 3489 154 3556 1)
173 3457 311 3552 Congruit
325 3485 367 3539 bic
385 3504 469 3570 canon
488 3504 545 3540 curn
562 3466 720 3554 Apotheosis
738 3483 843 3536 concilii
861 3448 917 3536 can.
929 3484 973 3536 42.
1012 3513 1048 3524 -
1096 3486 1126 3553 ²)
1145 3468 1234 3544 Colis.

153 3645 258 3751 ”qam
288 3663 324 3736 -’-
337 3708 338 3716 ’
353 3664 433 3750 (brmd
449 3696 477 3748 in
490 3662 676 3748 'editionesua
693 3697 847 3757 monuerat,
864 3692 943 3758 buius
961 3695 1055 3758 synodi
1073 3663 1187 3750 canobon
1204 3667 1234 3753 id

152 3766 243 3818 codice
257 3765 439 3818 Gemblacensi
454 3771 545 3818 extare
559 3769 660 3818 tanturn
670 3763 722 3827 48,
738 3761 789 3816 boc
809 3763 880 3816 idem
892 3780 908 3815 a
921 3763 1061 3816 Sirnmndo
1081 3765 1110 3816 in
1121 3767 1233 3834 Lugdu-

152 3835 243 3899 riensi,
261 3834 400 3899 Remensi‚
420 3833 590 3900 Corbejensi,
610 3831 763 3886 Fossatensi
780 3839 860 3900 atque
878 3833 905 3886 in
923 3833 981 3884 aliia
1000 3833 1146 3903 quibusque
1164 3841 1234 3892 enti.

154 3904 290 3974 quissimis
313 3904 506 3972 exemplaribus
528 3906 693 3956 observatum
716 3909 768 3966 est,
791 3904 830 3954 ita
855 3909 883 3954 nt
900 3903 1007 3954 dnbinnr
1027 3903 1051 3954 ei
1069 3905 1176 3960 minime
1192 3911 1236 3963 vi·

155 3975 262 4040 dentur,
279 3990 332 4026 non
349 3977 437 4042 plnres
455 3973 506 4026 hoc
522 3989 631 4026 nurnero
649 3973 768 4026 conditos
786 3973 900 4041 primum
918 3989 934 4026 a
950 3974 1050 4036 synodo
1068 3973 1126 4044 ipsa
1143 3978 1247 4046 fuisse,v
1333 4027 1337 4038 i

155 4045 273 4112 reliquos
291 4060 354 4096 vero
372 4041 406 4098 25
423 4043 529 4098 aliunde
547 4048 649 4111 postea,
667 4059 702 4094 ex
716 4041 869 4110 Epeunensi
887 4041 1050 4108 potissimum
1067 4048 1168 4112 synodo
1186 4049 1235 4101 de-

153 4121 289 4182 promptos
306 4129 372 4166 esse.
399 4113 432 4166 ct
451 4113 533 4166 Cone.
551 4115 673 4166 Toleten.
685 4113 767 4164 XVIL
785 4111 831 4162 tin.
849 4110 931 4176 (Part.
940 4113 960 4164 1.
978 4129 1039 4182 pag.
1051 4115 1133 4183 392).
1151 4119 1235 4171 —ln

47 4206 52 4214 ·
156 4183 241 4247 Codd.
266 4181 342 4252 Hisp.
365 4199 456 4237 omnes
479 4189 582 4236 exstant
597 4184 630 4236 71
650 4197 782 4243 canones,
805 4179 853 4232 aed
875 4181 1046 4248 Epaonenses
1070 4185 1174 4250 nonnisi
1190 4189 1235 4240 3⁰.

155 4253 188 4306 cl.
206 4259 295 4306 notmn
313 4253 345 4304 ad
364 4257 422 4304 can.
438 4249 482 4305 48.
517 4281 553 4291 -
600 4252 629 4318 ³)
649 4256 720 4302 Goon.
739 4257 826 4312 Apolli.
844 4257 930 4313 copton
947 4261 1050 4314 quinque
1066 4263 1235 4315 episcoporum

154 4329 263 4374 ltnbttum
279 4327 326 4373 'erc
342 4329 396 4374 544
415 4320 478 4390 [543
495 4321 561 4389 AE..]
591 4328 661 4372 Anno
678 4329 794 4372 vtceatmo
811 4329 919 4372 secundo
936 4330 1030 4374 Alomct
1046 4330 1114 4384 repta
1130 4331 1175 4376 sub
1193 4335 1236 4378 dte

157 4399 232 4450 tertto
249 4399 311 4443 Ioue
324 4385 476 4454 sepieroorn
493 4409 547 4444 cum
563 4400 590 4442 in
606 4407 668 4452 nono.
685 4389 769 4442 Codd.
781 4387 857 4457 Hisp.
873 4415 910 4428 -
927 4398 1037 4442 Messala
1053 4408 1076 4441 e.
1094 4407 1115 4442 e.
1134 4403 1236 4452 comte

129 4457 237 4566 ⁴babet
255 4461 379 4526 (lethei,
394 4462 448 4524 les.
463 4463 502 4525 A,
519 4461 556 4525 Β,
573 4461 640 4524 Reg.
657 4461 697 4536 B3
722 4457 750 4510 in
767 4458 825 4517 aliis
843 4457 919 4513 deest
936 4465 998 4513 ncta
1015 4457 1169 4515 consularia.
1198 4494 1235 4506 -

274 4549 280 4560 .
418 4541 423 4552 ·
484 4555 519 4570 ....
584 4537 589 4550 ·
732 4529 738 4539 '
870 4558 906 4568 ,,
919 4525 944 4569 ¹5
977 4538 983 4548 ·
1032 4537 1037 4548 ·
1219 4563 1232 4574 ι

148 4523 1231 4678 littus?ustttnnttttlttt:tirlboncrlrttztffttftt.

129 4692 198 4746 erar.
214 4695 271 4745 κει.
281 4697 302 4742 1.
313 4700 333 4744 2.
380 4706 383 4722 ·
955 4681 998 4744 10
