2868 5040
199 233 267 310 u
377 175 379 182 ¹
486 225 729 304 cuncnnu
749 189 1007 298 nonencort
1024 227 1064 295 n

202 409 300 482 atquo
320 393 588 460 montuosae
607 395 753 462 luntres
798 365 861 464 to'o
887 403 940 462 est
965 396 1036 459 suls
1053 392 1216 476 mentm,
1242 411 1359 470 ramn-

202 485 309 554 oilittre
325 481 360 562 ¹)
390 483 593 564 neglexerit,
624 499 696 546 carm
727 437 769 542 ai
799 481 954 564 synodum
983 478 1129 560 venerit,
1160 497 1226 544 uun
1256 481 1359 544 solnm

203 577 326 638 reatum
346 585 452 630 corun
472 567 673 648 coepiscopis
692 583 731 628 so
751 565 1112 649 cogitosoatincurroro,
1128 583 1239 628 verum
1261 563 1359 626 etiam

204 647 369 738 congruae
386 651 598 732 poenitentiae
620 651 775 732 intelligat
795 652 965 716 vindictam
987 648 1100 714 subire.
1140 649 1359 730 Opportunum

200 757 339 822 namquo
360 745 413 800 est
433 737 516 801 illum
538 733 806 800 animadversione
828 736 1048 815 succumbere,
1078 734 1132 815 qui
1152 735 1377 830 intelligendo·

200 823 370 910 peccavit,
391 828 426 884 et
445 820 528 904 qnod
549 821 664 884 docere
685 819 793 883 debuit
813 821 843 882 in
866 841 903 884 se
925 822 995 901 ipso
1015 817 1167 901 neglexit.

314 939 366 1004 111.
387 936 439 1002 De
454 939 681 1020 compositione
695 939 834 1020 aequoris
848 936 1003 1000 dominici
1015 955 1109 1022 nqrer
1122 935 1251 998 altario.

289 1041 334 1108 Ut
354 1056 469 1124 corpus
490 1039 604 1104 domini
625 1041 657 1102 in
678 1040 766 1102 altari
787 1059 849 1102 non
870 1037 945 1118 in2)
967 1040 1148 1122 imaginario
1169 1036 1280 1098 ordine
1300 1037 1360 1098 seri

204 1129 264 1195 sub
284 1125 388 1193 crucis
408 1126 499 1190 titulo
520 1135 730 1207 componatur.

368 1243 424 1308 lv.
465 1240 518 1310 Ne
539 1243 618 1308 laici
640 1247 674 1308 in
697 1244 831 1307 ecclesia
854 1242 979 1306 clericis
1000 1242 1203 1304 misceantur.

297 1343 343 1410 Ut
367 1343 440 1408 laici
467 1363 565 1408 secus
591 1347 711 1425 altaro,
747 1363 809 1426 quo
838 1353 951 1408 sancta
979 1341 1129 1427 mysteria
1155 1343 1360 1425 celebrantur,

206 1433 288 1496 intor
315 1429 448 1493 clericos
477 1436 541 1492 taur
568 1427 608 1495 ad
637 1428 763 1512 vigilias
788 1448 882 1511 quem
908 1429 949 1492 ad
976 1433 1090 1492 missas
1119 1435 1203 1490 stare
1232 1428 1359 1510 penitus

205 1533 269 1582 non
298 1513 518 1594 praesumant,
546 1513 604 1578 sed
632 1533 705 1596 pars
733 1515 785 1578 illa
810 1533 892 1598 quae
914 1533 934 1576 a
954 1513 1105 1578 cancellis
1125 1531 1240 1576 versus
1260 1516 1358 1578 altare

205 1597 363 1680 dividitur,
377 1599 480 1662 choris
495 1607 616 1662 tautum
637 1600 835 1680 psallentium
855 1607 967 1682 pateat
987 1599 1182 1680 clericorum3
1203 1599 1245 1661 ad
1265 1619 1359 1664 orau-

205 1685 280 1751 ‹lum
300 1702 377 1750 vero
399 1693 433 1748 ot
454 1686 743 1751 communicandum
764 1687 854 1752 laicis
875 1695 909 1748 et
928 1682 1081 1766 foeminis,
1103 1685 1187 1746 sicut
1206 1703 1278 1748 mos
1299 1695 1358 1767 cst,
1422 1713 1423 1750 1

204 1777 334 1856 puteum
354 1779 468 1836 sancta
487 1780 676 1835 sauctorum.
1150 1863 1160 1874 N

349 1887 392 1951 V.
438 1885 482 1951 ln
502 1909 708 1974 unaquaequo
730 1891 847 1952 ciuitas
863 1907 1022 1972 pauperes
1042 1906 1114 1949 suos
1136 1886 1215 1950 alat.

291 1977 568 2073 Ut'unaquaeqne
605 1993 720 2056 civitas
751 2010 907 2074 pauperos
941 1998 974 2054 et
1003 2007 1124 2071 egenos
1150 1987 1271 2052 incolas
1300 1989 1358 2050 uli·
1423 2067 1424 2070 Ἴ

205 2075 321 2160 mentis
349 2078 594 2158 congruentibus
620 2087 735 2160 pascat
761 2075 933 2140 secundum
959 2075 1061 2155 viros,
1097 2082 1133 2136 ut
1155 2082 1226 2136 ‚tam
1253 2075 1356 2136 triceni

205 2157 383 2241 presbyteri
414 2179 506 2242 quam
532 2155 624 2238 ci'ves
650 2182 759 2224 omnus
786 2181 879 2226 suum
907 2178 1074 2242 pauperem
1103 2166 1259 2244 pascant:
1294 2179 1355 2244 quo

205 2242 262 2304 flet
282 2250 318 2306 ut
337 2240 400 2324 ipsi
418 2262 576 2326 pauperes
597 2265 652 2326 per
672 2248 822 2310 civitates
842 2247 921 2309 alias
943 2265 1004 2307 non
1025 2253 1182 2326 vagentur
1197 2243 1241 2322 ³).

407 2433 425 2440 ν
447 2359 504 2426 vl.
549 2361 593 2424 Ut
613 2362 762 2446 eprirtolia
782 2363 844 2425 soli
863 2364 941 2426 detti
962 2363 1112 2446 episcopi.

293 2461 339 2526 Ut
373 2461 477 2526 nnllus
511 2464 692 2528 clericorum
719 2465 773 2528 vel
805 2463 952 2530 laicorum
987 2473 1111 2548 praeter
1139 2450 1309 2548 episcopos
1324 2461 1359 2541 ⁴)

128 2581 130 2590 »
205 2545 350 2632 epistolia
369 2548 475 2612 lacero
496 2558 684 2632 praesumat.
1279 2543 1286 2554 ⁸

246 2665 317 2730 vll.
359 2665 411 2729 Do
436 2671 611 2732 remotione
638 2667 788 2732 abbatum
808 2668 860 2732 uel
884 2669 1223 2752 archipresbyterorum
1243 2671 1315 2732 eine
1425 2745 1426 2760 ἢ

460 2753 594 2814 consilio
616 2753 656 2814 ab
678 2754 834 2836 episcopis
854 2751 1100 2834 nonfacienda.

210 2921 213 2930 1
288 2849 333 2915 Ut
352 2850 522 2936 episcopus
542 2873 603 2918 nec
623 2853 770 2916 abbatem
790 2873 851 2920 nec
872 2856 1173 2938 archipresbyterum
1194 2855 1265 2918 sine
1286 2875 1358 2918 orn-

160 3013 163 3025 ,
205 2934 289 3001 nium
309 2953 436 3004 suorum
457 2941 779 3023 compresbyterorum
801 2949 834 3002 et
854 2941 1001 3004 abbatum
1022 2939 1154 3006 concillo
1166 2938 1200 3018 ὅ)
1222 2941 1264 3002 de
1285 2942 1358 3002 loco

204 3039 264 3086 suo
284 3032 467 3102 pmesumnt
486 3023 618 3105 ejicere,
639 3044 744 3106 neque
763 3044 820 3105 per
840 3027 979 3105 praemia
998 3025 1090 3088 alium
1112 3024 1274 3105 ordinare,
1295 3022 1358 3087 nisi

204 3103 291 3180 facto
312 3106 442 3168 concilio
465 3114 527 3170 tam
548 3111 695 3172 abbatum
715 3128 808 3190 quam
829 3112 1079 3193 presbytororum
1100 3129 1242 3191 suorum,
1263 3129 1358 3192 quem

206 3188 299 3267 culpa
319 3197 376 3250 aut
394 3188 589 3274 negligentia
610 3190 712 3273 ejicit,
742 3212 813 3256 curn
840 3197 976 3260 omnium
1003 3191 1256 3279 piesbytororum
1277 3215 1360 3258 con-

85 3349 88 3356 ,
204 3271 274 3336 silio
294 3271 453 3336 refutetur.
506 3282 522 3316 '·

173 3389 177 3402 “
225 3390 309 3454 Vlll.
341 3390 384 3454 tn
405 3392 567 3475 eprisccprns
589 3395 621 3456 ei
642 3413 731 3476 wem
753 3393 836 3458 alter
857 3402 1019 3481 episcopm
1041 3401 1330 3465 excommunicavit

624 3499 687 3540 non
709 3484 925 3545 communicet.

210 3595 214 3607 -
271 3557 486 3644 'Quicumque
521 3563 691 3645 episcopus
718 3567 759 3626 illi
786 3582 878 3647 quem
908 3569 987 3629 alter
1014 3568 1184 3647 episcopus
1221 3587 1358 3630 excern-

203 3645 393 3708 ntunioatum
414 3649 528 3730 habet,
550 3655 716 3730 postquam
737 3651 829 3712 suerit
849 3652 889 3713 de
910 3653 1009 3734 ipsius
1030 3655 1357 3718 excommunicatione

204 3733 425 3814 commonitus,
453 3733 680 3797 communicare
706 3739 966 3818 praesumpserit,
992 3756 1094 3819 usque
1123 3737 1163 3800 ad
1193 3739 1353 3820 synodum

202 3820 491 3881 excommunicatus
511 3819 672 3880 habeatur.

234 3901 290 3960 lx.
326 3901 369 3962 tu
390 3906 425 3964 in
445 3905 624 3985 Britannia
644 3905 715 3965 sine
736 3923 887 3966 emiseram
907 3905 1146 3986 metropolitani
1164 3905 1216 3969 cel
1237 3927 1322 3970 com-

416 3988 663 4068 provincialium
684 3991 824 4070 epriscopi
843 4009 906 4050 non
928 3991 1122 4052 ordinantur.

286 4067 461 4148 Adjicimus
482 4071 592 4153 etiem,
614 4094 654 4143 ne
676 4073 745 4155 quis
767 4072 943 4135 Britannum
963 4084 1017 4136 aut
1037 4075 1212 4137 Romanum
1232 4075 1263 4136 in
1286 4077 1354 4136 Ar-

201 4154 316 4218 m‘orico
343 4155 412 4216 sine
437 4157 664 4239 metropolitani
692 4163 746 4221 aut
771 4159 1075 4240 comprovincialium
1103 4160 1268 4224 voluntate
1297 4161 1353 4222 vel

169 4437 172 4442 ¹
243 4375 271 4441 ¹)
289 4377 335 4428 Sic
353 4394 387 4430 ex
404 4393 465 4431 mss.
487 4382 515 4430 et
539 4378 617 4468 editis
642 4379 740 4430 Bened.
763 4382 848 4432 locum
873 4353 1097 4462 'conrposueruntss
1121 4397 1150 4431 se
1166 4387 1243 4442 notri
1268 4397 1350 4462 mss33

214 4571 217 4579 y
266 4449 393 4576 tuiti
410 4485 440 4568 t:
455 4454 652 4570 u‘tltltl.
667 4447 986 4583 ‘ll¹·llltfftll1tf¹l‘3
1003 4481 1096 4582 osio.
1124 4448 1350 4586 fii-‘'si‘inl

263 4589 353 4641 nentur
369 4583 435 4647 Reg.
452 4585 491 4662 l),
509 4601 533 4637 a.
553 4611 593 4648 ,-
622 4583 653 4660 ff)
670 4594 809 4648 mmmm
826 4587 950 4651 Repu,
969 4604 995 4642 a·
1019 4616 1069 4628 -ι
1084 4586 1235 4672 ῡ)“1ο11111111
1251 4589 1292 4642 Μ.
1309 4613 1348 4628 ·-
