2868 5040
178 207 245 286 Μ
418 203 662 278 mumdum
682 205 1101 277 summittimus

220 377 356 452 scivit
401 377 1297 468 Utokriwdtmatuteuuromettraepsioomrs

188 517 195 532 .
497 507 501 514 ·
610 467 903 548 amseercew).

265 567 311 634 Ut
334 567 470 636 cludens
491 587 511 634 a
530 567 699 634 diaconatu
730 579 765 633 et
790 587 886 652 supro
911 556 1077 653 pecuniam
1090 567 1126 651 ²)
1154 587 1216 633 non
1244 587 1350 640 com-

180 651 289 718 nodat
308 656 350 720 ad
369 653 545 740 cenem),
566 673 628 720 neo
647 655 690 719 de
710 657 873 738 pmostitis
891 655 1055 719 beneflciis
1075 655 1244 739 quidquam
1264 675 1349 720 anr-

179 739 271 822 pliw
290 757 384 824 qoem
412 741 504 806 datur
529 749 656 825 speret,
684 741 818 822 neve‘)
845 741 878 804 in
903 741 1091 805 exercendis
1116 742 1274 825 negotiis,
1304 747 1349 804 nt

181 826 301 908 putto
311 829 373 911 qoi·
383 827 427 892 od
442 828 551 910 populi
570 840 756 910 responsam
765 824 801 905 ⁸)
814 825 1030 910 negotiatores
1043 829 1221 909 observent,
1235 829 1348 908 turpis

182 909 261 976 lueri
280 913 456 994 eupiditate
474 921 637 994 versetur,
664 921 720 975 ant
739 911 800 975 snb
820 913 923 976 alieno
943 913 1069 976 nomine
1088 911 1258 976 interdicta
1276 931 1347 975 ne-

181 997 273 1081 gotia
293 998 409 1064 audeat
429 1016 589 1065 exercem.
630 994 724 1077 Qnod
749 998 783 1064 si
800 997 884 1080 ·quis
912 997 1067 1062 adversus
1085 1006 1211 1070 statuta.
1227 999 1347 1060 venire

182 1081 444 1169 praesumpserit,
470 1083 689 1150 communione
708 1101 867 1151 concesse
884 1085 926 1148 ab
942 1083 1054 1158 cordine
1072 1083 1268 1168 regradetur.

225 1201 376 1270 XXVIII.
412 1203 479 1269 Die
498 1203 658 1269 dominico
679 1203 759 1351 {aeid
777 1203 882 1286 operia
894 1203 1011 1284 facere
1031 1201 1130 1268 liceat
1151 1209 1212 1271 cot
1231 1223 1299 1267 non

199 1333 202 1340 ·
701 1289 809 1351 'ceot⁶
832 1333 840 1351 .

268 1367 353 1450 Quia
370 1389 556 1454 persuasum
577 1379 630 1436 est
650 1373 774 1456 popidis
793 1288 845 1435 di)e
865 1369 1019 1438 dominico
1038 1367 1094 1455 agi
1114 1387 1187 1436 conr
1208 1371 1344 1437 cabellis

185 1461 243 1520 sut
262 1455 365 1522 bobus
380 1458 414 1536 7)
433 1466 468 1520 et
488 1455 645 1522 vehiculis
664 1455 778 1522 itinera
795 1475 857 1522 non
878 1457 1012 1539 debere,
1032 1457 1254 1538 nequs.nilanr
1275 1475 1344 1521 rem

184 1540 227 1604 ud
247 1541 367 1606 ricton
386 1561 572 1625 praeparare
583 1543 617 1624 ⁸)
637 1543 690 1608 vel
705 1543 744 1608 ad
758 1543 890 1608 nitorem
904 1541 1017 1608 donnus
1036 1543 1090 1605 vel
1109 1543 1245 1607 hominis
1266 1562 1344 1625 pcr-

184 1625 337 1690 tinenter'n
351 1627 549 1707 ullatenus·}
559 1647 719 1711 exercerc,
734 1647 816 1712 quae
830 1647 883 1693 res
896 1629 938 1693 ad
946 1627 1114 1692 Judaicam
1127 1629 1233 1712 magis
1246 1647 1344 1712 mern

186 1712 229 1780 td
250 1713 463 1778 Christianam
483 1714 714 1780 observantiam
735 1716 892 1796 pertinere
912 1713 1124 1796 probatnr10)
1129 1759 1140 1797 ,
1168 1715 1201 1779 id
1223 1715 1345 1778 stetui-

187 1813 278 1882 rnusj
305 1805 343 1864 ut
367 1799 420 1864 die
446 1799 600 1865 dominico
627 1797 711 1883 quod
737 1807 812 1863 ante
838 1797 907 1864 fieri
933 1799 1022 1863 licuit
1040 1800 1154 1883 liceat3
1179 1797 1230 1864 de'
1246 1799 1343 1882 opere‘

186 1886 430 1967 tamencum,
461 1886 494 1950 id
521 1894 687 1950 est'arato
703 1881 758 1967 ¹¹)
784 1884 837 1948 'vel
858 1887 954 1950 vinea
978 1882 1032 1948 'vel
1058 1885 1222 1966 sectione,
1254 1905 1343 1950 mes-

187 1973 278 2036 sione
291 1971 363 2052 ¹²),
385 1973 586 2053 excussione,
607 1979 719 2036 exarto
738 1971 791 2033 vel
813 1989 891 2052 sepe
911 1972 1091 2034 censuimus
1112 1969 1342 2054 abstinendum,

188 2055 253 2138 qno
278 2055 406 2120 docilius
433 2057 475 2120 ad
502 2057 673 2120 ecclesium
698 2051 867 2120 venientes
895 2053 1043 2120 orationis
1071 2057 1194 2142 gratiae
1214 2065 1342 2122 vacent

188 2139 283 2220 Quod
309 2142 339 2203 si
364 2141 513 2205 inventus
538 2141 633 2205 urent
660 2141 732 2224 quis
754 2142 786 2203 in
812 2141 963 2224 operibus·
984 2159 1080 2223 sopra
1105 2143 1233 2225 scriptis
1259 2161 1341 2226 qnae

188 2223 358 2292 interdicta
377 2234 453 2312 sunt
469 2243 510 2292 se
538 2245 708 2310 exercere,
734 2227 868 2308 qualitor
895 2225 1054 2292 emendari
1078 2227 1195 2304 debeat
1213 2245 1282 2305 ¹urm
1308 2229 1341 2292 in

188 2304 261 2376 isici
282 2307 477 2374 districtiora
498 2308 560 2398 sed
578 2311 611 2374 in
630 2308 808 2376 sacerdotis
827 2311 1040 2399 castigatione
1059 2315 1221 2378 consistat

208 2427 331 2502 xxm.
363 2429 408 2500 Ui
428 2433 547 2502 missae
565 2432 716 2516 integrae
735 2431 912 2496 audiantur
933 2437 967 2496 et
988 2451 1059 2498 mou
1079 2433 1180 2498 orode
1200 2429 1316 2507 bellicis
1413 2455 1414 2460 ¹

552 2537 643 2583 censo
662 2537 759 2584 secra
780 2523 903 2602 spectet
917 2516 980 2597 ¹³).
1019 2568 1022 2576 .
1060 2539 1062 2542 ¹

274 2619 325 2682 De
351 2617 459 2686 missis
485 2621 590 2686 nullus
609 2619 767 2684 ,tricorum
793 2629 869 2683 ante
896 2618 1042 2684 dmoedat
1068 2635 1162 2704 qnam
1189 2615 1348 2683 dominica

191 2701 314 2790 dicatur
333 2707 450 2790 oratio,
472 2713 507 2768 et
528 2706 558 2770 si
577 2703 748 2787 episcopus
769 2721 921 2788 praesens
941 2705 1050 2790 fuerit,
1076 2705 1146 2788 ejus
1166 2703 1348 2770 benedictio

191 2797 417 2874 exspectetur3
451 2786 608 2853 sacrificia
634 2809 711 2854 vero
738 2790 892 2855 matutine
921 2792 1084 2854 missarum
1111 2789 1183 2854 sive
1208 2809 1349 2873 vesper-

191 2875 259 2938 tina
284 2893 327 2940 ne
351 2876 424 2958 quis
438 2874 494 2956 ¹⁴)
529 2893 601 2939 cum
635 2873 729 2938 armis
755 2875 983 2958 pertinentibus
1000 2875 1051 2941 ad
1078 2876 1227 2940 bellorum
1253 2895 1349 2942 usum

191 2967 321 3042 spectet
336 2961 410 3040 ¹⁸):
429 2959 514 3044 quod
535 2961 589 3043 qui
609 2959 737 3043 feccrit,
756 2963 789 3023 in
809 2960 987 3026 sacerdotis
1005 2969 1167 3048 potestate
1188 2961 1350 3027 consistat

192 3047 326 3128 qualiter
345 3046 416 3130 ejus
436 3047 631 3110 districtione
652 3046 770 3112 debeat
793 3047 955 3132 castigari.

216 3245 219 3256 '
249 3248 324 3313 dem
339 3249 483 3336 paschae
496 3249 671 3337 procedere
691 3253 778 3314 inter
802 3250 1000 3332 Christianos
1019 3271 1083 3316 ooo
1104 3251 1203 3314 liceat
1218 3250 1283 3330 ¹⁸).

216 3339 221 3431 ζ
260 3339 364 3431 junia
399 3351 460 3424 deo
479 3353 625 3437 propitio
658 3353 719 3420 sub
747 3353 970 3422 catholicorum
998 3371 1108 3436 regum
1136 3351 1353 3418 dominatione

194 3438 397 3502 consistimus
413 3438 487 3522 ιἸ),
513 3438 630 3503 Judaei
650 3459 671 3502 a
691 3438 742 3503 die
762 3458 883 3502 oocnae
905 3439 1020 3504 domini
1040 3455 1142 3519 usque
1167 3438 1199 3503 in
1226 3457 1352 3502 securu-

70 3241 73 3250 ,
191 3161 300 3230 XXX.
322 3161 367 3229 Ut
380 3161 512 3228 Judoec's
527 3184 548 3227 o
562 3164 616 3228 die
635 3185 753 3228 coenae
773 3166 897 3230 domini
916 3185 1014 3250 sequte
1033 3164 1079 3230 od
1091 3164 1215 3246 feriam
1233 3183 1350 3230 secun·
1413 3181 1414 3266 i

194 3522 266 3588 dnm
288 3522 413 3589 sabbati
431 3523 464 3586 in
483 3525 615 3607 pascha,
635 3523 698 3588 hoc
718 3532 771 3588 est
790 3525 861 3605 ipso
881 3523 1055 3609 quatriduo,
1075 3522 1247 3604 procedere
1266 3524 1353 3586 inter
1413 3523 1414 3548 ¹

196 3607 410 3689 Christianos,
431 3627 535 3692 neque
556 3607 723 3674 catholicis
742 3610 867 3691 populis
886 3629 924 3676 so
946 3611 1008 3674 ullo
1029 3609 1101 3674 loco
1119 3610 1173 3673 vel
1193 3627 1352 3692 quacum·
1413 3661 1414 3692 2

196 3714 259 3780 que
279 3695 451 3776 occasione
469 3693 603 3762 mucore
624 3703 834 3782 praesumant.

240 3981 269 4052 ¹)
286 3987 324 4034 De
341 3988 440 4036 emitote
453 3989 648 4046 uepottotorioue
663 3981 695 4037 Ο.
713 3981 747 4038 Η.
775 4011 810 4024 -
849 3977 880 4050 ²)
900 3984 933 4038 vt
949 3987 1057 4053 ctericus
1072 3987 1117 4036 atti
1133 3987 1255 4036 diaeonus
1271 3995 1352 4045 sopra

219 4065 222 4069 ·
264 4061 393 4115 secuntum
415 4053 448 4106 0.
471 4051 507 4108 H.
546 4082 581 4095 -
630 4053 660 4122 θ)
679 4069 781 4109 usuram
798 4052 830 4106 C.
847 4050 882 4104 H.
923 4077 960 4090 -
991 4055 1043 4120 ’4)
1064 4057 1171 4106 caecet
1194 4049 1279 4104 (ΣΗ,
1314 4079 1352 4092 -

239 4120 270 4192 ὅ)
288 4129 322 4174 od
335 4129 463 4186 populoru
478 4122 579 4190 (forsan
595 4123 751 4194 popularem)
767 4117 869 4187 persecut
886 4120 952 4188 Reg.
962 4121 997 4190 D,
1013 4121 1067 4175 des.
1079 4123 1111 4176 B.
1134 4147 1170 4162 -··
1195 4120 1225 4188 ³)
1243 4127 1283 4176 ne
1299 4129 1353 4176 diet

220 4203 223 4210 ’
265 4199 382 4246 dominici
398 4199 571 4252 otemocttoue
588 4193 620 4247 C.
632 4195 668 4246 H.
695 4221 732 4235 -
769 4192 798 4259 t)
816 4197 890 4246 motu
906 4189 951 4246 AE.
980 4220 1016 4233 ·-
1050 4192 1080 4260 8)
1097 4197 1248 4255 praeparari
1265 4189 1297 4243 C.
1314 4193 1351 4244 Η.

240 4263 254 4303 ⁸
287 4268 428 4322 nouatenue
445 4263 478 4317 c,
497 4264 533 4318 Η.
567 4289 603 4304 -
642 4259 947 4330 1⁰)pr0ocnuecAE.
980 4287 1016 4304 -
1033 4257 1105 4330 Ἢ)
1124 4266 1198 4312 motu
1215 4257 1297 4312 c.H.
1314 4287 1351 4300 -

219 4335 254 4375 ¹²
288 4343 410 4390 messione
427 4333 503 4388 deest
520 4333 549 4384 in
566 4331 599 4386 Ο.
617 4331 652 4383 Η.
676 4361 712 4374 -
745 4331 794 4398 1³)
812 4337 852 4384 De
868 4337 945 4384 odero
961 4338 1059 4394 intepro
1075 4337 1201 4386 cociendo
1218 4327 1250 4381 C.
1261 4327 1297 4382 Η.
1315 4355 1351 4368 -
1413 4375 1414 4388 ,

208 4401 270 4471 ⁴⁴)
287 4409 371 4457 uultus
388 4403 420 4456 0.
438 4403 474 4455 H.
514 4425 550 4441 ···
593 4400 643 4466 Η)
661 4409 787 4464 exspectet
809 4400 863 4452 des.
881 4399 976 4466 A‚B,
1000 4401 1127 4468 ΗΘΜ),
1151 4403 1179 4451 et
1196 4397 1227 4452 0.
1244 4397 1282 4452 Η.
1315 4421 1352 4436 ·-·
1413 4401 1414 4444 1

222 4471 273 4539 Ν)
290 4479 329 4524 De
348 4479 436 4524 dtetoa
452 4477 541 4534 cottus
558 4475 662 4523 sucoso
679 4478 744 4528 tuter
761 4475 920 4553 portetitnoe
936 4479 1054 4552 promsit
1069 4486 1118 4528 uon
1134 4473 1193 4524 iicet
1210 4464 1295 4551 02¹¹·
1314 4494 1350 4512 ·-
1413 4468 1414 4512 i

222 4541 271 4610 Η)
288 4548 393 4596 statutae
410 4543 476 4610 Ros.
495 4541 536 4610 A..
554 4539 587 4594 D.
621 4565 658 4582 -
