2868 5040
363 257 602 324 conclusuri
625 260 883 325 conculcor!
904 260 939 324 ΙΙ.
1027 285 1032 293 ¹
1166 251 1227 328 tal

67 431 101 490 si
128 430 241 509 postea
260 429 438 510 nupserint,
452 436 455 441 “
467 429 550 511 quod
570 431 626 492 vix
647 432 742 504 etiarn
764 428 805 493 all
827 429 983 512 agendam
1003 415 1232 511 poententiam<

66 521 254 597 mereantur
274 513 448 596 acceder03
469 515 542 595 qnia
561 516 612 580 sio
629 515 729 578 llicit:
757 514 793 578 Si
815 515 898 578 enim
919 515 959 578 da
982 515 1123 578 omnihus
1144 515 1228 580 hace

68 599 158 660 ratio
185 598 392 680 custoditur,¹
408 607 444 662 ut
471 617 688 682 quaecumque
717 601 847 664 vivente
874 601 941 664 viro
968 599 1058 663 alteri
1084 601 1226 680 crosent
1272 593 1275 600 ’

68 685 229 746 lrabeatur
255 683 411 763 adultera,
440 694 557 765 quanto
584 687 687 767 magis
711 693 747 747 et
776 687 827 748 illa
852 685 1027 749 damnanda
1047 692 1115 766 est,
1143 704 1228 767 qnae

68 779 153 831 ante
180 769 342 832 immortali
367 787 484 850 sponso
511 789 548 833 se
575 770 778 850 conjunxerat
805 781 839 832 et
865 780 980 854 postea
1006 770 1046 834 ad
1073 770 1225 836 humanas

66 853 201 934 nuptias
231 850 491 936 transmigravit?
538 857 582 918 Et
613 855 748 936 adjecitz
784 857 856 918 Hae
882 875 958 920 vero
986 865 1067 938 quae
1087 856 1222 922 mum

68 955 168 1002 sacro
182 940 337 1002 velamine
357 949 463 1002 tectae
483 949 566 1022 sunt,
588 949 693 1003 tamen
714 941 746 1002 in
766 942 925 1022 proposito
940 937 1085 1024 virginali
1098 958 1225 1024 semper

68 1043 113 1086 se
136 1043 262 1087 manere
275 1026 508 1104 simulaverunt,
523 1027 596 1089 licet
610 1021 735 1089 velatae
756 1043 824 1088 non'
838 1027 902 1088 sint
920 1029 950 1089 si
969 1035 1083 1106 postea
1103 1029 1226 1106 nupse-

67 1111 147 1191 rint,
167 1107 217 1172 his
238 1110 364 1193 agentia
384 1111 541 1191 aliquanto
562 1119 702 1192 ternpore
722 1113 914 1191 poenitentia
932 1119 993 1192 est,
1008 1112 1082 1194 quia
1094 1113 1224 1192 sponsio
1275 1109 1277 1114 ’

69 1213 184 1258 carum
205 1213 225 1258 a
245 1196 306 1258 (leo
326 1197 506 1278 tenebatur3
525 1215 597 1259 nam
617 1197 647 1258 si
668 1198 747 1259 inter
767 1197 908 1260 homines
928 1198 1011 1271 solet
1029 1199 1131 1260 honae
1150 1196 1226 1260 lidei

72 1288 265 1344 contractus
284 1282 369 1343 nulla
388 1279 508 1344 ratione
529 1281 668 1363 dissolvi,
690 1291 805 1363 quanto
826 1282 929 1364 magis
948 1284 1011 1346 ista
1030 1282 1213 1363 pollicitatio

13 1439 14 1442 Ἴ
69 1385 171 1446 quarn
201 1383 274 1430 cum
305 1365 365 1429 deo
394 1363 595 1448 pepigerunt,
625 1365 708 1430 solvi
738 1369 807 1430 sine
837 1365 977 1436 vindicta
1006 1387 1067 1430 non
1098 1328 1223 1432 hebeti
1285 1425 1288 1446 ,

70 1454 159 1514 Post
189 1451 251 1515 hoc
281 1451 322 1514 tle
348 1451 454 1514 viduis
485 1450 644 1531 adjunxit:
676 1453 760 1514 Nam
788 1452 817 1514 si
842 1454 960 1516 Paulus
987 1454 1165 1535 apostolus,
1192 1452 1222 1520 si

70 1555 160 1616 quae
194 1555 213 1600 a
242 1537 402 1618 proposito
431 1535 594 1599 viduitatis
625 1537 872 1618 discesserunt,
893 1538 975 1599 (lixit
1011 1557 1070 1600 cas
1105 1539 1228 1599 hahere'

64 1622 316 1703 damnationem,
334 1621 390 1684 ubi
411 1622 474 1694 ait:
508 1621 591 1699 qoto
606 1624 746 1703 primam
756 1623 860 1702 fidem
880 1624 1009 1684 irritam
1022 1626 1174 1703 fecerunt
1186 1621 1235 1700 ¹).

66 1717 136 1770 etc.
180 1705 260 1786 Quis
284 1707 485 1770 sacerdotum
511 1716 620 1772 contra
645 1707 775 1772 decreta
799 1707 875 1769 talia
895 1726 978 1788 quae
999 1727 1019 1770 a
1038 1707 1118 1771 seole
1139 1723 1221 1787 apo-

65 1793 186 1854 stolica
213 1802 432 1873 processerunt
458 1811 556 1874 agere
581 1786 789 1873 praesumat?
820 1794 873 1854 vel
902 1794 988 1874 quis,
1012 1793 1100 1876 quod
1126 1791 1220 1872 pejus

67 1887 141 1958 cst,
171 1887 280 1940 contra
308 1879 496 1940 sententiam
522 1896 616 1959 quam
645 1895 704 1940 vas
732 1878 896 1939 electionis
917 1878 1035 1958 Paulus
1055 1878 1220 1956 apostolus

66 1965 182 2043 spiritu
208 1971 320 2026 sancto
349 1963 552 2028 ministrante
584 1962 792 2044 promulgavit
821 1960 904 2023 aliud
926 1960 1131 2024 conscribere
1156 1962 1226 2024 ulla'
1251 1987 1253 1994 ¹

65 2050 191 2110 ratione
209 2045 405 2128 praesumat,
434 2067 504 2109 curn
526 2047 610 2109 (licat
631 2047 700 2126 ipse
721 2065 777 2125 per
798 2047 939 2125 spiritum
953 2055 1122 2120 sanctum:
1154 2045 1219 2123 qut

60 2135 307 2214 praedico-uerit
329 2139 462 2215 practer
490 2131 527 2193 td
553 2133 637 2214 quod
658 2131 851 2212 praedicavi
858 2175 868 2207 ,
897 2129 1069 2195 anatliema
1084 2133 1143 2213 ¹ait
1156 2125 1219 2210 Ἦ

69 2227 111 2301 οἱ,
129 2236 258 2299 quorum
280 2227 441 2280 auctorum
460 2218 568 2280 valere
588 2219 690 2298 possit
709 2217 918 2298 praedicatio,
939 2217 1000 2279 nisi
1021 2216 1218 2298 quos‘serlcs

68 2303 246 2385 apostolica
264 2315 388 2384 semper
408 2311 463 2364 aut
483 2299 646 2364 intromisit
666 2309 722 2365 aut
741 2303 941 2385 apocryphos
959 2302 1046 2384 lecit,
1060 2311 1095 2366 et
1111 2311 1219 2384 patres

66 2391 169 2451 nostri
187 2389 249 2452 hoc
268 2407 393 2468 semper
413 2387 643 2467 custodierunt,
668 2386 752 2469 quod
773 2407 880 2450 corum
898 2390 1059 2468 praecepit
1079 2389 1218 2451 auctori-

67 2469 152 2536 tas?
187 2475 258 2536 Nos
280 2491 356 2556 ergo
376 2474 438 2536 hoc
458 2480 641 2553 sequentes,
663 2471 746 2553 quod
766 2474 819 2534 vel
842 2474 1004 2552 apostolus
1024 2471 1142 2535 Paulus
1163 2472 1216 2532 vel

67 2576 154 2639 papa
173 2559 373 2622 Innocentius
398 2556 529 2637 statuit,
556 2559 587 2616 in
613 2557 786 2618 canonibus
813 2557 929 2618 nostris
948 2558 1124 2619 inserentes
1143 2564 1216 2617 sta-

68 2652 197 2708 tuamus
219 2643 461 2724 observandum,
491 2650 527 2704 nt
553 2642 657 2703 nullus
675 2648 833 2704 sacratarn
852 2641 913 2703 deo
935 2641 1104 2723 virginem,
1132 2657 1216 2720 quae

66 2729 98 2790 iu
121 2731 270 2791 honorem
292 2729 409 2809 Christi
427 2735 552 2790 vestem
573 2727 720 2806 mutavit,
749 2734 804 2789 aut
828 2745 937 2806 repere
961 2733 1016 2787 aut
1035 2733 1216 2806 competere

66 2823 124 2877 aut
143 2815 205 2876 sibi
224 2813 392 2896 conjugem
412 2813 534 2875 sociare
553 2819 754 2893 praesumat3
780 2812 856 2892 quia
881 2810 977 2872 etiam
998 2813 1051 2873 lex'
1072 2811 1216 2874 Romana

66 2899 231 2962 constituit
246 2898 297 2979 ³),
318 2907 355 2960 ut
374 2898 562 2980 quicumque
582 2905 738 2960 secretam
760 2895 821 2972 deo
832 2896 994 2977 'virginem
1014 2897 1068 2962 vel
1087 2895 1233 2970 viduam,

66 2986 205 3048 fortasse
225 2984 377 3064 rapuerit,
403 2985 433 3045 si
452 2993 565 3063 postea
584 2981 624 3044 iis
645 2981 685 3044 lle
706 2979 925 3060 conjunctione
943 2983 1133 3062 convenerit,
1156 3001 1215 3044 ca·

67 3071 143 3150 pitis
162 3069 320 3130 sententia
340 3069 496 3130 feriantur.
535 3069 633 3128 Item:
662 3067 791 3148 Siquis
810 3085 872 3128 uon
892 3065 995 3129 dicam
1015 3083 1134 3149 rapere,
1153 3065 1214 3130 sed

66 3163 226 3218 attentare
260 3154 445 3215 matrimonii
469 3151 623 3234 jungendi
656 3169 755 3214 causa
784 3170 907 3214 sacrem
934 3153 1088 3236 virginem
1115 3171 1223 3217 ansus·

67 3241 175 3320 luerit,
206 3237 319 3319 capitis
347 3239 505 3301 sententia
530 3234 666 3300 feriatur.
707 3237 787 3300 Cum
809 3239 902 3300 etiam
924 3239 956 3299 in
977 3239 1133 3302 chronicis
1152 3241 1213 3302 ha-

69 3327 181 3388 beatur
205 3324 246 3386 de
274 3325 446 3406 virginibus
472 3325 635 3405 gentilium
661 3331 801 3402 tempore
827 3342 908 3402 quae
928 3341 966 3382 se
988 3323 1068 3383 deae
1087 3324 1213 3384 Vestae
1325 3380 1332 3388 .

68 3417 289 3488 sacraverant,
317 3409 486 3489 postmisso
514 3409 672 3489 proposito
698 3415 734 3465 ot
761 3413 904 3483 corrupta
931 3405 1076 3486 virginali
1102 3409 1212 3486 gratia,

67 3495 163 3577 legali
178 3495 351 3560 ,sententia
382 3495 476 3556 vivas
511 3493 545 3556 in
576 3501 659 3554 terra
690 3489 790 3550 luisse
821 3487 986 3567 defossas3
1027 3487 1057 3559 si
1084 3489 1213 3568 profana

67 3583 211 3641 colentes
239 3580 294 3640 tali
321 3587 395 3640 sunt
419 3577 578 3640 sententia
598 3573 843 3652 condemnatae,
870 3581 987 3654 quanto
1008 3575 1111 3656 magis
1132 3592 1214 3653 quae

68 3665 98 3726 iu
119 3666 266 3726 honorem
287 3661 490 3744 redemptoris
510 3663 560 3724 sni
579 3675 618 3722 se
638 3666 731 3720 veste
750 3658 938 3720 mutaverint
958 3665 993 3719 et
1010 3677 1214 3738 perseverare

67 3750 221 3810 noluerint
248 3751 357 3829 utiquc
370 3767 507 3830 ¹gravem
527 3745 643 3808 debent
664 3750 852 3824 exspectare
873 3737 1090 3806 sententiam?
1120 3742 1214 3806 Sicut

69 3835 99 3894 in
122 3835 302 3895 Arelatensi
321 3833 442 3915 synodo
464 3832 595 3894 habetur
615 3833 765 3892 insertum
779 3827 833 3908 ⁴):
866 3830 916 3891 De
936 3829 1049 3907 puellis
1068 3845 1214 3909 quaese

69 3926 226 3979 voverunt
252 3919 313 3980 deo
339 3926 372 3978 et
400 3917 550 3997 praeclari
578 3915 710 3977 nominis
736 3915 851 3976 decore
877 3914 1063 3995 floruerunt,
1091 3915 1215 3994 sipost

68 4004 259 4083 vigesimum
279 4002 419 4083 quintum
441 4001 623 4082 praesertim
643 3997 759 4062 aetatis
780 4016 858 4060 suae
878 4017 992 4059 annum
1012 3997 1053 4060 ad
1073 4007 1215 4061 terrenos

23 4146 25 4157 ,
68 4089 196 4167 ntqrtias
222 4097 335 4166 sponte
362 4078 555 4166 transierint,
583 4085 614 4146 id
641 4081 877 4145 custodiendum
906 4101 981 4146 esse
1007 4083 1215 4160 (lecrevimus,

70 4183 104 4235 ut
126 4191 198 4236 cum
218 4169 268 4233 his
295 4173 408 4251 quihus
436 4190 473 4233 se
487 4169 708 4252 'alligaverunt
734 4169 946 4230 communione
971 4170 1148 4252 priventur,
1169 4169 1216 4230 ita

71 4256 165 4319 utils
186 4257 416 4337 postulantibus
436 4255 627 4336 poenitentia
645 4272 707 4313 non
727 4260 869 4333 negetur,
892 4253 983 4334 cnjus
1004 4252 1215 4334 poenitentiae

70 4339 246 4417 commuuio
267 4343 365 4407 molto
391 4351 531 4421 tempore
551 4338 717 4404 differatur.
759 4337 840 4400 eun
858 4338 954 4400 etiarn
975 4337 1007 4402 irl
1027 4338 1059 4400 in
1079 4341 1216 4422 antiquis

71 4481 269 4498 uu*

113 4563 141 4630 ¹)
170 4559 325 4624 l'l‘inr.5,
348 4562 389 4615 12.
446 4591 481 4602 ·-
546 4559 575 4627 ²)
599 4559 756 4620 Gutus.
813 4588 848 4598 -
911 4558 941 4622 8)
964 4556 1030 4616 Coo.
1054 4562 1155 4615 Theoti.
1183 4563 1216 4612 ilo

141 4637 218 4698 raptu
237 4634 280 4684 vel
297 4630 407 4683 uralriur.
425 4631 535 4682 lilal2.
571 4657 606 4666 -
647 4631 680 4704 ᾖ)
695 4631 793 4680 Arctet.
805 4629 838 4680 11.
856 4644 879 4679 o.
890 4626 934 4680 52.
968 4658 1027 4684 -,
