2858 5036
398 221 639 311 conuuruu
665 243 945 311 nournunsn
1193 249 1252 338 ur

87 429 149 488 pro
168 407 546 476 necessitatecoctesiae
568 414 738 495 episcopus
760 412 892 494 jusserit
913 411 1039 496 implere
1061 424 1251 504 contemnat,

86 497 180 556 Sanc
202 492 230 556 si
251 494 387 558 cilicium
409 495 681 560 archidiaconatus
699 497 731 576 ¹)
758 495 884 580 propter
911 494 1127 580 simpliciorem
1141 509 1251 591 ,nutu7

85 600 160 642 ram
181 576 309 658 implero
331 590 386 642 aut
407 583 556 665 expedire
577 582 762 665 nequiverit,
783 584 836 645 ille
854 583 918 645 loci
938 585 987 646 sui
1007 603 1120 648 nomen
1138 577 1249 663 'teneat

87 675 126 727 et
149 663 333 728 ordinationi
354 667 511 732 ecclesiae
533 689 628 752 quem
649 669 782 754 elegerit
803 669 976 753 episcopus
994 681 1226 752 praeponatur:

388 785 507 848 XXIV.
550 786 602 848 De
623 788 777 868 aquositts
798 788 948 850 inuentis.

180 863 230 930 Do
253 866 408 950 expositis
423 870 457 950 ²)
480 870 511 933 id
532 872 761 936 observandum
781 870 865 954 quod
883 870 950 952 jam
970 870 1088 936 dudum
1107 873 1251 958 synodus

85 962 205 1015 sancta
220 951 254 1033 ³)
267 951 448 1036 constituit.
1238 983 1243 1011 t

149 1073 254 1136 XXV.
297 1073 349 1134 De
376 1073 592 1136 saecularibus
622 1077 678 1158 qui
705 1095 780 1136 suus
807 1093 920 1138 uscrcs
950 1076 1182 1160 derelinquunt.
1239 1070 1245 1093 ’

177 1159 220 1219 Hi
241 1177 316 1218 vcro
338 1161 520 1221 saeculares
542 1160 594 1240 qui
617 1159 783 1242 conjugale
805 1159 993 1238 consortium
1015 1162 1151 1242 culpet)
1172 1178 1249 1247 gr·a··

86 1243 179 1304 viore
193 1241 360 1304 'dimittunt
380 1245 432 1305 vel
456 1241 550 1306 etiam
572 1245 773 1326 dimiserunt,
805 1254 838 1307 et
864 1245 965 1306 nullas
988 1263 1104 1308 causas
1124 1247 1247 1334 discidii

86 1329 290 1408 probabiliter
318 1335 529 1408 proponentes
551 1339 715 1410 propterea
736 1349 795 1391 sua
816 1332 1011 1392 matrimonia
1033 1329 1190 1394 dimittunt
1212 1341 1248 1395 ut

87 1421 148 1474 aut
168 1412 276 1476 illicita
296 1423 352 1474 aut
373 1415 474 1475 aliena
494 1424 711 1494 praesumant:
734 1416 762 1476 si
784 1422 952 1495 antequam
972 1414 1055 1496 apud
1077 1418 1247 1497 episcopo!

87 1497 372 1578 comprovinciales
392 1498 517 1562 discidii
537 1517 653 1562 cursus
674 1498 826 1580 dixerint,
854 1509 888 1562 et
909 1497 1001 1580 prins.
1015 1503 1130 1564 uxores
1152 1520 1246 1585 quam

78 1582 207 1664 judicio
229 1584 413 1646 damnentur
433 1583 611 1665 abjecerint,
627 1582 877 1650 acommuniono'
899 1584 1057 1648 acclesiae
1079 1595 1116 1648 et
1133 1587 1246 1650 sancto

83 1670 198 1815 puppii
229 1678 323 1732 coetu
354 1688 411 1751 pro
442 1689 480 1733 eo
512 1669 596 1752 quod
628 1669 721 1734 tidem
754 1678 789 1734 et
818 1664 965 1754 conjugia
995 1672 1153 1736 maculant
1185 1671 1247 1736 oxi·

84 1757 262 1818 eluantur.

109 1863 231 1927 XXVl.
265 1861 304 1925 Si
319 1866 388 1946 quis
403 1865 590 1930 documenta
605 1865 759 2028 ecelesirpe
773 1868 950 1950 supprimat
964 1865 1015 1928 uel
1031 1865 1224 1928 secmariis

583 1951 753 2012 traderet.

177 2034 213 2098 Si
228 2032 297 2115 quis
308 2033 341 2113 ⁶)
361 2033 400 2095 de
421 2034 550 2097 clericis,
562 2035 750 2097 documenta
770 2029 882 2114 quibus
903 2035 1061 2097 ecclesiae
1082 2033 1246 2116 possessio

88 2121 231 2182 firmatur
258 2127 313 2180 ant
340 2121 531 2198 supprimere
545 2120 579 2198 ⁴)
607 2128 662 2182 aut
683 2137 802 2201 negare
824 2128 879 2181 aut
900 2117 1087 2182 adversariis
1108 2119 1246 2184 tortasse

87 2206 214 2268 tradere
245 2202 409 2266 damnabili
436 2213 470 2266 et
505 2206 661 2285 punienda
694 2206 905 2267 obstinatione
940 2205 1184 2286 praesumpserit
1199 2203 1245 2287 ⁸),

88 2289 240 2373 quidquid
264 2306 321 2370 per
347 2289 520 2351 absentiam
543 2288 798 2353 documentorum
821 2289 923 2352 damni
945 2291 1103 2353 ecclesiae
1121 2290 1246 2354 illatum

89 2385 144 2438 est
166 2375 205 2436 de
228 2375 357 2455 propriis
378 2375 580 2437 facultatibus
600 2375 726 2454 reddat,
756 2383 789 2438 et
809 2378 1025 2439 communione
1046 2375 1184 2456 privetur
1199 2375 1244 2454 ⁹).

87 2463 132 2524 Hi
162 2461 271 2532 etiam,
305 2457 357 2540 qui
384 2459 415 2520 in
444 2460 555 2522 damno
573 2462 627 2538 ¹⁰)
662 2459 820 2523 ecclesiae
851 2463 1056 2522 instrumenta
1085 2457 1246 2522 ecclesiae

87 2547 184 2625 impie
216 2542 393 2606 sollicitatis
408 2545 462 2624 ιι)
496 2543 695 2608 traditoribus
730 2545 949 2624 susceperint,
981 2544 1048 2626 pari
1085 2541 1267 2608 seutentia'
1380 2547 1383 2556 “

84 2633 236 2709 feriantur
252 2629 316 2710 ¹²).
335 2625 338 2630 “

85 2739 225 2804 XXVII.
260 2739 302 2800 Ut
323 2741 548 2800 monesterium
568 2757 682 2798 uocum
697 2735 751 2815 ¹³)
772 2738 949 2800 iucorrsulto
972 2738 1116 2820 episcopo
1137 2735 1241 2811 nudam

1 2875 2 2884 ,
38 2888 45 2900 ‚
146 2825 323 2888 corstituot
339 2824 392 2904 ¹⁴⁴)
420 2831 453 2886 et
474 2823 513 2884 de
534 2822 696 2884 monacbis
717 2824 788 2885 siue
809 2823 933 2886 addatis
955 2839 1107 2886 cormonte
1127 2839 1191 2882 non

556 2905 766 2990 ¹ordinandis⁸⁴

174 2991 400 3056 Monasterium
415 3011 530 3054 novum
543 2993 603 3052 nisi
619 2994 769 3073 episcopo
791 2998 846 3053 aut
866 2991 1068 3072 permittento
1089 3000 1145 3052 aut
1166 3010 1242 3071 pro·

86 3083 185 3144 baute
201 3079 302 3140 nullus
316 3079 454 3157 incipere
469 3085 524 3140 aut
542 3075 670 3138 fundare
691 3084 880 3155 praesumat.
911 3073 1061 3138 Monachi
1082 3073 1242 3154 etiam¹³)

87 3159 251 3246 vagantes
272 3163 312 3224 ad
327 3163 462 3226 osticium
484 3163 650 3224 clericatus
671 3159 731 3224 nisi
749 3162 790 3222 iis
810 3162 1021 3223 testimonium
1043 3161 1141 3224 abbas
1161 3173 1240 3224 suus

89 3251 229 3330 dederit,
259 3267 320 3310 nec
348 3249 380 3309 in
408 3247 589 3310 civitatibus
615 3265 675 3308 uec
702 3247 732 3307 in
759 3247 915 3325 parochiis
936 3247 1121 3318 ordinentur.
1164 3247 1240 3308 Mo-

87 3336 226 3398 nachum
247 3334 307 3394 nisi
328 3333 451 3396 abbatis
473 3334 522 3392 sui
536 3331 588 3409 ¹⁶)
613 3333 766 3411 permissu
789 3340 843 3392 aut
862 3332 1025 3393 voluntate
1047 3331 1087 3392 ad
1108 3329 1247 3391 alterum·

88 3419 313 3484 monasterium
330 3418 585 3498 commigrantem
606 3417 708 3478 nullus
729 3416 827 3476 abbas
847 3416 1010 3493 suscipere
1030 3422 1086 3474 aut
1104 3413 1240 3476 retinere

87 3511 292 3588 praesumat,
325 3503 384 3566 sed
415 3504 602 3582 ubicumque
633 3497 724 3560 fuerit
742 3495 795 3578 Ν)
828 3497 932 3559 abbati
963 3517 1021 3560 sno
1052 3497 1241 3584 auctoritate

89 3629 294 3644 ————·-—

137 3705 165 3771 1)
185 3711 373 3754 archidiaconus
391 3699 421 3754 C.
440 3701 474 3752 H.
509 3731 545 3739 —
587 3699 617 3770 ²)
635 3705 770 3760 infantibus
787 3697 847 3752 arld.
866 3703 977 3767 quatuor
995 3693 1078 3752 Ccdd.
1090 3695 1187 3750 Pariss.
1205 3725 1240 3737 -

135 3780 165 3838 s)
182 3782 269 3824 nostru
287 3773 347 3824 add.
365 3771 477 3838 Regali.
506 3797 543 3810 -
570 3779 594 3820 v.
609 3769 692 3821 'Cone
711 3767 818 3821 Vcs'ens.
832 3769 851 3820 l.
871 3770 932 3821 cta
956 3795 993 3808 -
1034 3770 1064 3835 ⁴)
1081 3775 1150 3822 uultu
1168 3775 1240 3830 culpo

164 3843 283 3907 Reg.D,
301 3843 340 3904 a,
366 3841 486 3904 Cotton,
511 3845 538 3892 et
554 3838 607 3890 les.
625 3839 663 3902 0,
682 3840 715 3890 D.
756 3867 791 3876 -
840 3839 869 3905 ὅ)
891 3845 922 3891 Ut
938 3847 962 3888 si
977 3845 1116 3891 commosis
1133 3846 1240 3891 ctericus

163 3921 278 3963 ductuum
301 3919 420 3964 ecciesiae
442 3917 551 3972 ferculis
566 3918 590 3961 et
607 3915 747 3970 satisfaciat
764 3917 790 3961 et
806 3916 1028 3960 coeommnuuiuetur
1045 3909 1076 3961 C.
1093 3907 1185 3974 Hisp..
1203 3935 1240 3952 υ-

137 3983 167 4048 ⁰)
187 3989 216 4034 st
233 3991 275 4042 uui
291 3999 350 4032 cero
375 3981 406 4032 C.
424 3980 499 4048 Hisp.
550 4004 587 4016 -
647 3979 675 4046 i)
698 3987 826 4040 subripere
849 3979 880 4034 G.
898 3979 974 4046 Hisp.
999 3984 1103 4046 praeter
1119 3979 1166 4030 AE.
1183 3979 1240 4030 BR.

162 4049 196 4102 Ε.
209 4051 234 4102 3.
253 4051 361 4104 T.1.2.
396 4076 433 4102 -v
476 4049 505 4114 Β)
522 4055 731 4116 prbesumpsertnt
748 4047 778 4098 Ο.
797 4047 852 4109 Η.;,
864 4056 908 4101 aut
923 4057 1088 4114 praesumpsit
1104 4056 1148 4100 out
1166 4066 1242 4109 prue-

161 4129 293 4182 sumpserit
306 4120 369 4172 Luc.
384 4125 411 4170 et
423 4118 529 4186 quidcrn
541 4118 624 4170 Ccdd.
639 4117 737 4168 Parias·
759 4141 796 4154 —
820 4116 848 4182 ⁹)
866 4125 972 4168 reddunt
984 4155 990 4167 .
1003 4155 1009 4168 .
1021 4128 1151 4180 priventur
1162 4117 1192 4173 G·
1205 4119 1241 4168 H.

116 4189 168 4256 1⁰)
183 4197 210 4240 iu
227 4197 340 4240 domuum
354 4190 385 4242 C.
398 4189 432 4239 Η.
450 4216 486 4229 -
507 4187 556 4254 1¹)
567 4194 695 4238 sotticttuti
706 4204 722 4236 u
739 4183 802 4250 (orn.
814 4185 914 4252 verbis:
925 4197 989 4248 part
1004 4198 1069 4240 seut.
1087 4186 1149 4252 fer.)
1163 4185 1194 4236 C.
1205 4187 1241 4236 H.

115 4257 169 4324 ¹²)
189 4259 218 4310 lrr
242 4261 309 4324 Reg.
327 4261 367 4322 K,
392 4257 446 4310 les.
464 4259 488 4308 D
511 4262 539 4308 et
557 4255 663 4322 Cotton.
687 4255 726 4306 ric
750 4253 846 4306 desinit
867 4272 965 4308 canon:
993 4266 1027 4310 ιιι·
1049 4266 1130 4308 auteur
1152 4263 1193 4314 cui
1215 4265 1241 4306 tu

166 4336 255 4380 durrruc
273 4336 393 4380 ecclesiae
409 4336 482 4388 tuapte
499 4333 625 4382 sollicitati
642 4344 658 4375 c
675 4333 837 4376 traditoribus
850 4333 942 4385 alicuid
952 4333 1107 4387 susceperint
1118 4333 1252 4390 superiori-

165 4406 290 4451 seuteutiu
312 4405 450 4451 terreantur.
479 4421 515 4435 -
542 4404 703 4462 susceperuut
726 4400 766 4444 oet
783 4405 936 4458 susceperint
952 4402 1101 4457 poenitentia
1118 4399 1242 4456 [ertantur

168 4467 235 4518 Luc.
282 4493 319 4505 -
365 4465 414 4533 1³)
432 4465 612 4530 aovuurleest
629 4463 656 4514 iu
675 4463 704 4520 C.
723 4463 757 4512 Il.
809 4490 845 4502 -
902 4466 950 4531 ¹4)
969 4473 1095 4516 construet
1112 4462 1143 4515 0.
1161 4464 1197 4524 H,
1215 4463 1242 4513 in
1342 4523 1344 4528 Ι

168 4535 265 4604 quibus
282 4537 377 4588 desunt
395 4535 490 4596 rerba:
508 4544 562 4586 siue
577 4542 630 4583 ouo.
650 4551 716 4582 ocus.
736 4549 784 4582 non
801 4542 853 4584 cru.
889 4560 925 4572 -
963 4535 1011 4600 Η)
1030 4551 1088 4586 uero
1106 4531 1189 4584 e.11.
1207 4559 1242 4575 ..-

120 4609 171 4674 ι(ὅ)
191 4605 359 4658 αιιι’ίιιΙ(Ῑ.Ο.
378 4605 412 4660 Η.
447 4629 482 4645 -·
522 4602 730 4672 trifinitio.
750 4601 782 4656 H.
816 4632 851 4642 -
