2864 5042
201 241 270 308 aaa
446 231 688 306 concurras
708 237 1050 312 nnusccuuuau
1068 222 1116 310 ti:-

201 411 335 476 seutiam
355 409 533 480 madoris
553 409 717 487 'ur-eadem
740 411 813 477 tom
840 407 1030 478 inconeussa
1051 417 1250 491 permeat,
1280 409 1352 472 nulii

200 500 417 582 permittentes
436 498 577 582 quolibet
597 497 759 578 dignitatis
780 497 879 578 gradu
901 497 1025 580 functa,
1042 493 1180 578 fugitivo
1203 498 1303 560 etiam
1322 499 1350 558 iu

201 583 282 650 locis
301 585 402 662 sapas
422 581 603 654 violentiam
623 581 745 646 inferre.
775 582 812 645 Si
833 580 915 644 enim
936 575 1084 644 mundani
1102 581 1264 664 principes
1286 583 1350 646 suis

202 670 328 750 legibus
360 675 551 734 censuerunt
583 676 619 730 ut
634 719 638 726 .
654 669 841 750 quicumque
874 666 915 729 ad
945 686 1051 734 eorum
1077 673 1203 730 statuas
1233 667 1352 748 ¹ingerit

200 755 329 824 'titaneus
350 755 510 835 habeatur,
533 761 649 836 quanta
669 753 772 835 magis
792 753 824 814 hi
845 771 1025 834 permanere
1041 751 1158 816 debent
1171 751 1350 832 indemnati,

201 842 254 924 qai
274 840 445 922 patrocinia
466 837 647 902 immortalis
666 839 756 920 regni
778 847 810 898 et
831 839 982 900 eoelestis
1003 831 1110 917 adepti
1129 845 1205 899 sunt
1222 831 1286 915 Ἥ
1318 838 1351 900 Si

201 934 308 996 tamen
335 927 438 1006 aliquo
466 925 551 988 facto
581 932 725 988 tenentur
751 923 876 986 obnoxii
904 924 957 1006 qui
982 915 1214 986 ad'eociesiam
1237 931 1353 986 sunta

200 1012 277 1094 iuga
298 1009 393 1092 versi,
413 1027 518 1074 coram
539 1008 707 1072 sacerdote
727 1009 839 1090 culpae
860 1026 966 1072 eorum
987 1009 1208 1088 innotescant,
1229 1019 1263 1069 et
1284 1010 1352 1088 ipse

200 1095 474 1244 aqqsnitnnqierat
489 1095 624 1179 qualiter·
640 1093 692 1180 dei
711 1093 924 1176 habitaculum
944 1111 1000 1176 per
1020 1078 1271 1183 subtractionem
1291 1113 1351 1154 non

198 1190 333 1253 vacetur
352 1183 363 1243 i
385 1199 481 1245 orum.
840 1209 843 1216 ·
1052 1203 1057 1208 ·

910 1243 937 1270 Γ
1145 1257 1149 1264 .

237 1291 301 1363 hx·
344 1300 396 1363 Da
422 1299 577 1382 episcopia
606 1299 652 1362 od
673 1299 855 1362 saecularia
875 1297 1007 1378 judicio
1034 1315 1098 1360 aare
1124 1297 1304 1360 trahendis.

283 1385 377 1446 Licet
404 1383 613 1446 reventissimi
639 1399 778 1464 canones
802 1391 900 1464 atque
926 1380 1160 1446 sacratissimae
1188 1384 1285 1466 leges
1311 1381 1352 1443 de

124 1523 127 1530 .
200 1469 372 1552 episcopali
392 1467 552 1532 audientia
571 1466 603 1531 in
626 1467 697 1550 ipso
718 1471 821 1550 priene
842 1465 1077 1532 christianitatis
1097 1469 1253 1550 principio
1274 1485 1351 1529 son·

200 1553 331 1624 tentiam
356 1551 554 1636 protulerint,
581 1562 689 1621 tamer
716 1551 860 1636 quoniam
878 1551 1002 1616 eadem·
1015 1549 1194 1636 postposita
1215 1554 1353 1616 humana

135 1671 140 1680 ·
200 1641 231 1703 iu
252 1638 437 1722 sacerdotes
457 1640 508 1702 dei
527 1649 691 1722 grassatur
703 1640 897 1718 temeritas„
914 1640 1015 1726 itaut
1033 1657 1092 1700 eos
1113 1638 1154 1703 de
1176 1637 1268 1726 atriis
1289 1657 1352 1698 ve-

199 1725 378 1803 nerabiiium
407 1725 611 1788 ecclesiarum
629 1723 784 1804 violenter
812 1723 989 1788 abstractos
1018 1725 1188 1806 ergastulis
1216 1723 1352 1806 publicis

202 1811 375 1893 addicant,
395 1829 564 1873 censemus
590 1817 626 1871 ut
652 1811 833 1892 episcopum
859 1809 961 1872 nullus
981 1809 1187 1873 saecularium
1209 1809 1352 1870 fascibus
1390 1845 1400 1868 a

200 1896 361 1980 praeditus
387 1893 459 1975 jure
487 1913 545 1957 suo
572 1896 796 1960 contumaciter
818 1903 850 1956 et
871 1903 1031 1976 perperam
1052 1913 1152 1978 agens
1175 1893 1217 1956 do
1239 1903 1353 1956 sancta

201 1983 349 2066 ecclesia,
371 1983 422 2047 cui
440 1987 575 2063 praeest,
597 1981 726 2043 trahere
743 1979 866 2066 audeat,
882 1979 939 2041 sed
959 1981 988 2040 si
1004 1981 1077 2062 q'uid
1092 1980 1308 2042 contentionis
1317 1979 1352 2062 ²)

201 2069 356 2132 adversus
376 2066 559 2149 episcopum
580 2069 735 2148 potentior
754 2084 889 2150 persona
909 2065 1062 2149 habuerit,
1081 2073 1194 2148 pergat
1218 2063 1259 2126 ad
1283 2083 1353 2126 me·

95 2211 103 2234 ,
200 2154 419 2236 tr'opoiitanum
449 2154 631 2233 episcopum
659 2159 698 2228 ‚et
729 2149 758 2212 ei
791 2169 905 2214 causas
937 2151 1075 2234 alleget,
1108 2160 1141 2212 et
1173 2151 1278 2232 ipsius
1312 2152 1352 2211 sit

199 2239 371 2338 potestatis
396 2233 614 2296 honorabiliter
643 2237 824 2317 episcopum
854 2235 893 2296 de
921 2254 982 2318 quo
1005 2237 1108 2318 agitur
1128 2242 1288 2317 evocare,
1316 2242 1352 2295 ut

201 2342 231 2392 ru
256 2319 324 2400 ejus
345 2322 522 2400 praesentia
545 2320 720 2381 accusatori
741 2320 930 2400 respoudeat
948 2327 981 2382 et
996 2322 1156 2402 oppositas
1170 2317 1233 2382 sibi
1246 2317 1353 2382 actio-

200 2426 259 2470 ues
282 2403 416 2468 'eritricot
429 2402 473 2484 ³).
514 2401 606 2482 Quod
633 2401 660 2466 si
682 2405 758 2467 talis.
775 2407 865 2470 fuerit
885 2405 1061 2468 immanitas
1081 2425 1198 2468 causae
1220 2413 1257 2466 ut
1281 2425 1350 2467 eam

188 2493 288 2566 ,solus
309 2491 564 2572 metropolitanus
584 2487 711 2553 definire
733 2493 935 2574 nonasterii,
956 2490 1101 2554 'advocet
1120 2508 1231 2554 seeum
1252 2509 1348 2552 unum

196 2578 248 2662 yei
280 2577 359 2640 duos
384 2573 610 2656 coepiscopos:
640 2575 722 2658 quod
749 2573 778 2638 si
806 2585 839 2640 et
859 2578 936 2656 ipsis
958 2572 1102 2641 dubietas
1123 2577 1233 2658 fuerit,
1264 2596 1346 2638 con-

197 2663 374 2727 ciliabulum
393 2661 523 2723 definito
545 2660 596 2722 die
616 2663 669 2722 vel
691 2671 830 2741 ternpore
851 2663 1033 2744 instituant,
1060 2664 1091 2723 in
1114 2681 1174 2744 quo
1196 2663 1347 2724 universa

197 2747 256 2812 rite
284 2749 419 2810 collecta
446 2745 624 2808 fraternitas
652 2745 832 2828 coepiscopi
854 2745 904 2808 sui
925 2766 1040 2810 causas
1062 2747 1210 2809 discutiat
1232 2755 1265 2808 et
1289 2766 1346 2827 pro

195 2836 308 2916 merito
340 2842 393 2896 aut
418 2829 573 2912 justificet
604 2839 657 2892 aut
686 2832 800 2912 culpet.
852 2829 955 2896 Nefas
986 2841 1037 2894 est
1064 2831 1165 2915 euim,
1197 2840 1234 2894 ut
1261 2831 1348 2894 iliius

197 2919 339 2988 matribus
367 2915 535 3000 episcopus
564 2925 617 2978 aut
639 2915 781 2998 jussione
804 2915 843 2978 de
865 2917 1002 2979 ecclesia
1022 2920 1176 2999 trahatur,
1202 2935 1258 2999 pro
1281 2936 1346 2999 quo

197 3024 323 3084 semper
349 3002 442 3064 deum
470 3010 595 3083 exorat,
625 3012 659 3066 et
685 3004 737 3065 cui
763 3003 910 3064 invocato
931 3002 1190 3066 nomiuedon'riui
1211 3001 1251 3065 ad
1275 3003 1347 3064 sal-

195 3088 353 3148 ‘vationem
375 3088 513 3164 corporis
533 3087 716 3168 animaeque
739 3087 957 3150 eucharistiam
979 3105 1076 3171 saepe
1096 3090 1241 3170 porrexit.
1269 3087 1346 3152 Hoc

194 3173 275 3232 enim
310 3169 469 3231 decretum
497 3188 517 3230 a
542 3169 633 3230 nobis
661 3171 832 3252 praefixum
862 3174 914 3253 qui
940 3171 1032 3236 tuerit
1061 3175 1211 3244 audacter
1235 3180 1345 3238 trans-

196 3260 343 3342 ¹gressus,
371 3256 434 3315 tarn
461 3253 531 3333 ipse
559 3271 651 3334 quam
679 3273 787 3316 omnes
816 3258 867 3337 qui
890 3259 920 3319 ci
941 3262 1158 3321 consenseriut
1177 3276 1278 3340 usque
1302 3259 1344 3324 ad

194 3341 342 3444 generale
363 3338 527 3432 corrodium
549 3339 747 3426 anathemate
769 3340 810 3404 de
832 3343 970 3421 ecclesia
991 3353 1172 3428 separentur
1186 3343 1231 3424 ⁴).
1264 3383 1266 3388 -

348 3457 397 3520 X.
437 3459 490 3521 110
511 3459 635 3522 clamate
656 3481 761 3522 corona
783 3463 928 3544 qriseapo
949 3464 1182 3536 cummis.

281 3542 371 3622 Quod
391 3543 435 3624 de
458 3544 617 3626 episcopis
637 3547 816 3624 censuimus
838 3549 958 3608 obtinet
973 3547 1060 3694 ⁶get
1081 3551 1113 3613 iu
1134 3550 1217 3613 ctero
1232 3549 1284 3633 θ),
1306 3562 1345 3616 ut

195 3649 298 3712 neque
318 3630 482 3710 presbyter
502 3633 610 3710 neque*
627 3615 777 3694 diaconus
797 3649 900 3713 neque
916 3632 975 3695 sub
998 3633 1127 3696 iacemus
1141 3631 1181 3695 de
1195 3638 1346 3710 ecclesiis

192 3715 355 3778 tiahantur
369 3713 424 3776 aut
442 3711 738 3796 injuriomsahqnam
758 3718 855 3792 inscio
878 3719 1029 3798 episcopa
1049 3737 1153 3782 eorum
1175 3723 1344 3806 patiantur,

194 3800 252 3862 sed
276 3799 423 3880 quidquid
445 3801 516 3880 quis
536 3800 690 3862 adversus
712 3819 768 3864 eos
789 3797 945 3882 habuerit,
972 3805 1003 3863 in
1031 3806 1172 3866 notitiam
1185 3827 1186 3834 ¹
1201 3809 1344 3890 episcopi

192 3885 307 3967 proprii
327 3884 503 3964 perducat,¹
526 3895 560 3946 et
580 3885 798 3965 ipse³oansam
816 3886 938 3965 justitia
958 3900 1128 3970 praeeunte
1154 3890 1345 3986 discutiens,
1419 3901 1420 3934 ³

191 3967 445 4064 adimo'oiericos
465 3968 646 4044 accusantis
667 3973 853 4034 satisfaciat.
935 3981 937 3986 '
966 3991 968 4002 ·

187 4151 209 4180 Ι
279 4154 283 4163 ⁴
321 4147 335 4171 ζ,
454 4080 529 4182 ,iila
569 4089 621 4152 Da
642 4061 863 4180 hospitalitate
885 4065 1052 4180 sananda.
1085 4086 1120 4158 ’,
1170 4072 1174 4082 “
1207 4075 1222 4178 ι’
1269 4167 1273 4174 Ι

276 4173 459 4238 Senatores
479 4186 539 4237 uos
559 4173 783 4257 hospitalitatis
804 4179 878 4239 asae
892 4196 953 4240 uon
969 4173 1069 4240 sorum
1084 4177 1227 4243 dominus
1241 4172 1343 4246 deses

193 4378 206 4388 ''
228 4368 264 4461 si)
282 4358 428 4484 maarai)
442 4359 717 4469 rqptnaejoa‘eprda'oar
734 4365 848 4462 nonaria
862 4350 991 4464 hesso,
1009 4382 1033 4452 a‘
1067 4428 1107 4466 ·.-
1145 4401 1174 4469 ²)
1197 4357 1343 4466 ἔιήὸὺσῑνω

239 4465 491 4598 „rhartr
508 4465 661 4600 aaa
676 4467 946 4604 afraru-
963 4469 1006 4608 ἲ)
1020 4471 1342 4604 thamuz

262 4607 332 4662 Quod
348 4608 379 4652 aa
396 4611 472 4662 eatae.
489 4613 548 4670 atq„
564 4603 597 4668 ia
611 4604 897 4676 reterieottectites·
932 4636 966 4648 ··
1290 4633 1293 4639 '

431 4791 446 4824 ·
527 4793 530 4802 r
