2868 5040
413 225 659 318 (ιοιιιιιιιιιιι
680 249 884 318 vasunsn
906 244 944 314 u.
1197 253 1261 320 ιω

131 435 158 445 ”
181 422 227 490 itit
248 419 322 502 qula
341 417 554 489 &dudonem
576 421 773 510 alanorum
792 429 915 508 patrem
935 427 1153 506 matremque,
1173 433 1257 506 quae

91 507 314 588 suprasoripta
339 514 408 589 est,
423 523 498 574 ¹nan
527 507 628 574 solunt
655 509 813 592 religiosis
839 507 899 574 sed
927 508 1022 572 etiam
1042 507 1256 574 laieismedi-

89 601 278 661 aaaueutum
305 610 380 654 esse
408 601 443 654 et
468 590 684 658 desideramus
713 605 747 656 et
775 594 941 676 cupimus,
973 593 1093 676 plaouit
1119 601 1155 658 ut
1183 613 1255 658 eam

89 690 127 744 et
151 681 290 742 illustres
312 696 352 741 ae
373 677 534 760 magnifici
555 679 624 760 viri,
645 678 698 762 qui
719 680 881 744 nobiseum
904 680 944 743 ad
965 681 1138 763 praefatam
1159 680 1256 755 lani*

90 768 230 832 ritatem
250 771 483 848 convenerunt,
509 765 632 848 propria
654 784 747 831 manu
768 763 1010 830 subscriberent

502 1095 849 1113 ——d—-u--n--a--u-

190 1323 487 1499 uonururun
518 1361 776 1502 vnsnnsn
801 1365 1155 1477 snuunuurtn.

88 1595 200 1710 Gan
224 1647 398 1712 semndnrrr
425 1656 549 1713 statuta
573 1666 727 1712 canonum
746 1645 780 1710 iu
804 1646 945 1714 Vaseusi
969 1648 1042 1715 vieo
1070 1643 1252 1714 muana

87 1739 277 1821 pontifiounr
297 1741 413 1803 fuisset
432 1741 597 1804 eonoiliurn
617 1748 859 1824 oongregatum‚
877 1739 970 1821 juxta
989 1741 1252 1806 consuetudinem

88 1826 292 1909 antiquorum
312 1835 435 1908 patrum
455 1827 584 1908 regulas
604 1827 787 1909 relegentes
806 1825 995 1907 propitiante
1026 1824 1150 1888 domino
1178 1827 1252 1887 nul-

91 1912 159 1973 luru
181 1912 223 1975 de
242 1913 462 1992 praesentibus
483 1912 597 1974 domini
618 1911 835 1976 sacerdotibus
856 1911 972 1992 aliquid
992 1919 1103 1976 eontra
1123 1911 1253 1975 deareta

90 1997 271 2082 spiritualia
297 2007 353 2060 aut
373 1999 576 2078 praeteriisse
596 2005 653 2059 aut
681 1997 934 2077 praesumpsisse
953 1997 1182 2080 eognovimus:
1210 1995 1252 2058 de

93 2099 162 2163 qrra
182 2099 217 2145 re
236 2081 352 2146 uberes
372 2084 433 2145 deo
454 2085 575 2168 gratias
595 2079 736 2166 egimus,
763 2081 837 2164 quia
862 2082 965 2144 servis
987 2085 1055 2146 suis
1076 2079 1252 2146 seeundum

65 2169 225 2248 pietatis
254 2183 345 2231 snae·
365 2169 625 2232 oonsuetudiuem
653 2175 815 2249 praestare
847 2168 997 2251 dignatus
1025 2176 1097 2250 est,
1129 2177 1165 2232 ut
1193 2180 1250 2252 pro

92 2254 175 2316 salo
199 2254 363 2334 pertentas
396 2254 538 2318 oarlntis
569 2253 689 2318 affeetu
714 2264 755 2317 et
787 2263 910 2318 tautum
942 2273 998 2336 pro
1026 2253 1183 2320 desiderio
1211 2263 1251 2318 se

93 2339 226 2404 videndi
257 2340 299 2404 ad
323 2339 484 2424 synodum
515 2341 727 2417 eonvenipent.
786 2341 830 2404 lrlt
861 2343 1007 2422 quamvis
1039 2343 1142 2406 omnia
1168 2353 1252 2423 quas

88 2441 115 2488 a
131 2421 499 2490 sanetissaeerdotibus
518 2427 572 2489 vel
592 2424 717 2490 clericis
738 2423 899 2490 observari
919 2426 1056 2490 debeant
1076 2435 1110 2490 et
1133 2428 1252 2508 antiqui

95 2520 130 2574 et
151 2513 429 2576 novelli-eanones
449 2513 610 2576 eontinere
628 2511 813 2592 probentur,
841 2519 948 2575 tamen
975 2531 1016 2573 ne
1044 2514 1252 2596 congregatis

93 2607 211 2661 saneta
246 2598 458 2682 siue-aliqua
483 2597 665 2662 definitione
694 2595 891 2676 diseederet,
916 2596 970 2658 vel
998 2615 1107 2677 parum
1135 2595 1252 2678 aliquid

92 2684 179 2766 quod
206 2671 247 2747 ad
275 2677 525 2748 aedificationem
551 2678 758 2749 eeclesiarum
778 2680 934 2764 portinere
955 2682 1059 2764 possit
1078 2682 1252 2764 inspirante

89 2769 220 2832 'domino
241 2767 449 2834 decreverunt
463 2768 522 2850 ²).'
772 2774 775 2782 ⁴

91 2889 114 2950 l.
155 2886 201 2950 Ut
214 2887 395 2971 presbyteri
410 2910 471 2973 per
483 2889 657 2975 puroeirr'us
669 2889 818 2970 juniores
839 2886 971 2952 lectores
991 2888 1079 2953 domi
1098 2888 1248 2954 mariani

226 3002 229 3010 ¹
303 3054 306 3060 Ι
537 2983 572 3038 et
593 2975 743 3040 mutuor
756 2971 800 3055 ³).
1023 3009 1028 3016 ·
1183 3043 1186 3052 ,

179 3076 253 3142 Hoo
285 3077 415 3159 enim⁴)
445 3077 565 3161 plaeuit
576 3121 588 3158 ,
622 3083 660 3140 ut
688 3094 799 3142 omnes
828 3075 1005 3160 presbyteri
1027 3078 1085 3162 qui
1114 3087 1191 3144 strut
1216 3077 1249 3142 in
1350 3113 1353 3118 ·

90 3163 252 3245 parochiis
273 3162 451 3245 constituti,
477 3162 652 3246 seeundum
677 3163 936 3228 consuetudinem
951 3183 1052 3247 ¹quarn
1072 3186 1129 3249 per
1148 3174 1250 3231 totam

96 3249 217 3312 ltaliam
248 3249 331 3314 satis
361 3251 526 3332 salubriter
555 3243 654 3312 teneri
685 3251 922 3333 eognovimus,·
937 3249 1080 3332 juniores
1110 3253 1250 3333 lectores

95 3344 367 3418 quantoscumque
387 3338 457 3400 sine
477 3355 575 3399 uxore
590 3335 624 3414 ⁵)
640 3333 823 3417 habuerint,
849 3353 961 3399 seeum
980 3337 1012 3398 in
1033 3336 1125 3399 domo
1139 3337 1173 3415 ο)
1195 3338 1249 3418 ubi

93 3420 158 3502 ipsi
183 3421 324 3486 habitare
349 3421 495 3485 videntur
519 3417 695 3504 recipiant,
711 3428 759 3500 ¹et
787 3438 845 3482 eos
872 3420 1026 3500 quomodo
1048 3421 1121 3482 boni
1136 3430 1249 3500 patres

94 3501 297 3586 spiritualiter
323 3503 497 3570 nutrientes
522 3507 661 3587 psalmos
686 3523 814 3585 parare,
843 3503 957 3566 divinis
984 3505 1171 3569 lectionibus
1197 3507 1249 3568 in·

94 3593 212 3654 sistere
227 3591 262 3674 ⁷)
292 3602 326 3655 et
353 3595 384 3656 in
411 3595 485 3676 lege
515 3591 628 3654 domini
655 3589 776 3652 erudire
806 3589 1015 3671 contendant,
1051 3599 1086 3654 ut
1116 3598 1155 3654 :et
1188 3589 1250 3668 sibi

98 3674 214 3759 dignos
241 3697 448 3742 successores
477 3676 662 3757 provideant
692 3684 725 3736 et
756 3694 775 3736 a
802 3674 926 3737 domiuo
954 3678 1093 3757 praemia
1121 3685 1251 3740 aeterna
1369 3688 1379 3699 “

95 3760 259 3842 recipiant.
301 3765 382 3827 Cum
404 3782 480 3826 vero
501 3761 542 3824 ad
562 3769 700 3825 aetatem
726 3760 898 3841 perfectam
926 3761 1125 3842 pervenerint
1138 3762 1192 3847 ⁸),
1220 3759 1250 3826 s'i
1300 3780 1306 3788 ‘

87 3849 212 3930 aliquis
244 3867 349 3912 eorum
383 3869 453 3932 pro·
473 3848 577 3911 earnis
606 3844 778 3930 fragilitate
807 3866 935 3910 uxorem
961 3848 1077 3914 habere
1105 3851 1250 3933 voluerit,

93 3941 242 4018 potestas
263 3937 293 3998 ei
315 3935 452 4000 duoendi
471 3933 652 4018 conjugium
666 3933 700 4016 ⁰)
721 3952 784 3996 non
805 3942 946 4017 negetur.

93 4077 298 4094 ..ιι-ιιι*-

140 4154 762 4289 ¹ttltlulrlanrtlra‚tt
771 4157 848 4294 iat:
865 4158 1250 4294 taradastilis:

167 4315 255 4362 porum
267 4304 380 4349 dolitum
396 4315 442 4350 era
457 4304 517 4349 544.
538 4297 611 4363 [ΜΒ.
627 4295 685 4364 AE.]
705 4297 789 4352 Codri.
807 4298 883 4368 Hisp.
901 4327 935 4337 —
954 4299 1038 4352 Tituli
1055 4317 1185 4354 canonum
1202 4302 1252 4352 de-

169 4374 231 4420 runt
245 4366 274 4419 irr
293 4369 358 4436 Reg.
376 4368 415 4432 B,
433 4368 473 4433 D,
491 4368 515 4418 F
539 4375 567 4419 et
589 4367 643 4418 ies.
660 4369 692 4419 A.
739 4394 775 4407 -
823 4369 853 4434 ²)
876 4369 960 4422 Deest
982 4367 1047 4423 haee
1070 4370 1198 4438 praefatio
1222 4371 1250 4423 in

171 4437 204 4490 C.
222 4435 299 4504 Hisp.
331 4467 367 4476 —
410 4438 439 4506 ³)
457 4446 496 4490 De
512 4445 711 4500 prealylerorum
728 4448 897 4492 obseruatione
916 4438 946 4490 C.
964 4439 1041 4508 Hisp.
1069 4467 1104 4479 -
1137 4443 1168 4508 ⁴)
1186 4451 1251 4493 entra

170 4508 248 4559 deest
265 4507 293 4560 in
310 4506 342 4559 C.
361 4507 437 4560 His.
471 4538 506 4548 -
548 4507 578 4575 ὅ)
602 4515 626 4558 at
646 4525 691 4560 aee·
709 4527 802 4562 uxores
825 4511 892 4576 Reg.
909 4510 940 4560 Β.
979 4534 1015 4567 -,·
1065 4510 1252 4576 ο)ίιιι1ιιιιιιιιιι
1291 4559 1294 4562 .

172 4577 204 4629 C.
222 4577 298 4644 Hisp.
332 4607 367 4615 —
401 4527 429 4645 ’ς
448 4587 573 4634 taetrum
590 4577 621 4628 U.
650 4607 686 4618 -
722 4580 751 4648 ⁸)
771 4589 882 4634 emerint
903 4578 934 4632 C.
952 4575 1028 4648 Hisp.
1065 4611 1098 4620 -
1140 4583 1170 4648 θ)
1189 4597 1248 4634 aare

165 4658 252 4714 lupera
271 4649 337 4714 lieg.
355 4647 386 4698 F.
421 4677 456 4686 -
