2868 5040
207 235 273 308 ru
447 233 1123 340 mmnnmrrmmrnrmmnn

207 409 563 495 mmperslt,
593 409 1206 478 admamclritatu'snoseveoet
1236 409 1371 478 tratres.

206 495 300 578 Quod
318 496 350 560 si
367 497 448 562 intra
472 497 629 562 biennium
653 497 806 562 divinitus
830 508 1006 582 temporum
1031 495 1254 582 tranquillitate
1276 517 1370 562 con-

206 601 303 650 cessa
327 581 494 648 admonitis
516 584 833 664 conprovincialibus,
848 585 872 648 ι’·
888 584 1123 665 metropolitano
1142 581 1288 668 synodus
1308 583 1368 648 in-

206 667 294 734 dicta
318 685 381 732 non
405 669 517 750 tuerit,
542 667 893 751 metropolitanusipse
913 683 969 751 pro
990 668 1187 734 euoeationis
1208 669 1366 734 tarditate

206 771 289 820 amc
310 753 434 838 integro
460 750 577 818 misam
602 753 710 817 lacero
734 771 798 818 non
823 761 1014 838 praesumat.
1055 749 1147 832 Quod
1174 754 1204 818 si
1229 755 1365 818 evocari
1421 791 1422 814 ι

206 841 293 904 nulla
312 839 463 922 corporali
486 837 664 905 infirmitate
690 837 811 902 detenti
837 839 953 904 measa
980 853 1041 902 sut
1065 838 1216 904 abusione
1233 838 1269 919 ι)
1299 839 1365 904 de·-
1421 835 1422 888 ἒ

207 925 387 1010 epexerint,
412 924 505 988 simili
532 920 712 988 sentcntiae
739 920 966 1006 subjacebunt,
995 920 1049 1006 qui
1077 932 1183 987 tamen
1211 932 1248 986 et
1273 923 1364 988 bano

206 1006 445 1078 mundonem
466 1009 526 1073 sibi
544 1010 689 1072 noverint
708 1027 784 1074 esse
811 1011 985 1094 sublatam,
1010 1009 1040 1074 si
1065 1007 1242 1076 absentiam
1267 1027 1362 1076 suam

206 1094 363 1162 divisione
381 1095 478 1160 sortis
495 1093 684 1160 vindiderint
703 1094 928 1162 excusandam.

205 1215 246 1284 ll.
280 1211 323 1282 Ut
338 1213 448 1280 clerici
461 1233 483 1278 n
496 1212 688 1280 midioconc
703 1221 737 1278 ot
749 1234 846 1300 repra
861 1211 901 1278 cb
920 1213 1070 1278 monlon
1087 1215 1155 1280 roto
1173 1214 1363 1280 edeciment

516 1305 575 1364 urit
596 1299 636 1364 nd
658 1301 766 1382 officio
788 1297 1045 1382 deponentem.

292 1401 337 1468 Ut
363 1401 466 1464 nullus
492 1401 674 1468 olorinorum
702 1398 935 1476 asubdiacono
961 1409 996 1464 et
1021 1419 1133 1484 supra,
1159 1399 1214 1486 qui
1241 1421 1360 1469 uxorm
1397 1437 1404 1460 ·

205 1490 238 1556 iu
258 1487 419 1574 proposito
438 1505 497 1550 suo
519 1488 664 1571 accipere
683 1481 876 1569 inhibentur,
902 1486 1044 1571 propriae
1065 1486 1095 1551 si
1111 1487 1191 1552 iorte
1208 1487 1278 1570 jam
1298 1491 1360 1554 ba-

204 1575 281 1644 bent
299 1575 471 1638 miscentur
490 1575 599 1638 uxorir
627 1571 712 1656 quod
731 1570 762 1637 si
781 1573 893 1637 lecerit
902 1619 913 1654 ,
936 1569 1020 1641 laica
1039 1576 1257 1638 communione
1279 1595 1360 1645 con·

205 1667 317 1746 tentus
342 1657 435 1740 juxta
463 1658 599 1742 priorum
627 1677 782 1724 canonum
810 1666 932 1722 statuta
947 1659 1001 1724 'ab
1032 1657 1135 1724 officio
1164 1659 1358 1746 deponatu13

204 1765 299 1832 quem
320 1745 350 1810 si
369 1745 477 1808 sciens
504 1745 675 1826 episcopus
702 1763 782 1808 suus
810 1745 842 1807 in
863 1740 987 1810 vilitate
1013 1745 1229 1827 permixtionis
1243 1747 1281 1828 ⁸)
1306 1746 1359 1810 vi-

204 1839 334 1898 ventem
363 1827 405 1895 ad
437 1829 573 1894 officium
603 1837 717 1915 postea
748 1828 927 1914 admiserit,
959 1829 1089 1914 etipse
1117 1831 1292 1916 episcopua
1317 1831 1357 1898 ad

204 1919 362 2006 agendam
390 1915 613 2002 poenitentiam
645 1917 743 1982 tribus
770 1917 931 1984 mensibus
959 1917 1004 1984 sit
1028 1933 1049 1982 a
1076 1933 1135 1982 suo
1164 1917 1273 1984 officio
1302 1939 1358 1986 sa-

202 2013 394 2094 questratna.

246 2125 299 2190 lll.
340 2121 393 2188 De
423 2121 736 2208 metropolitanorum
761 2121 1009 2207 prouincialium
1099 2123 1318 2210 princepum

526 2209 681 2272 electione
710 2217 744 2272 et
774 2209 977 2272 ordinatione
990 2141 1070 2287 ‘iim
1421 2219 1422 2222 ’

289 2291 340 2356 De
370 2295 676 2374 metropolitanorum
702 2312 779 2356 vero
812 2291 1055 2357 ordinationibus
1084 2289 1114 2356 id
1142 2291 1285 2378 placuit,
1321 2307 1356 2362 ut

204 2377 434 2460 metropolitani
454 2397 473 2442 a
494 2376 739 2460 metropolitanis
754 2375 806 2458 ⁵),
831 2380 974 2442 omnibus
994 2380 1022 2442 si
1042 2377 1109 2444 fleri
1129 2388 1237 2460 potest
1255 2399 1355 2466 prae-

204 2465 349 2533 sentibus
369 2465 680 2547 comprovincialibus
694 2462 728 2543 ο)
749 2463 944 2545 ordinentur,
970 2466 1015 2528 ita
1035 2472 1072 2528 ut
1091 2463 1153 2546 ipsi
1173 2469 1353 2550 metropoli-

204 2561 280 2618 tano
302 2549 460 2615 ordinandi
485 2551 682 2634 privilegium
708 2560 850 2632 maneat,
878 2567 972 2634 quem
987 2548 1022 2630 r)
1047 2549 1250 2616 ordinationis
1276 2573 1358 2617 eon-

204 2636 342 2706 suetudo
369 2636 506 2720 requirit.
547 2639 621 2720 lpse
648 2647 755 2700 tamen
779 2635 1036 2720 metropolitauus
1062 2635 1360 2720 acumprovincia·

204 2725 286 2790 libus
307 2722 486 2805 episcopis,
507 2723 594 2786 sicut
612 2721 740 2786 decreta
761 2720 850 2786 sedis
869 2723 1063 2805 apostolicae
1082 2721 1262 2806 continent,
1286 2742 1358 2790 cum

205 2827 365 2878 cormansu
385 2809 460 2871 cleri
473 2809 526 2870 vel
548 2805 663 2870 civium
684 2807 827 2890 eligatur,
848 2807 923 2890 quia
942 2823 1076 2890 aequum
1095 2803 1265 2891 est,'aieut
1287 2813 1359 2893 ipsa

204 2895 302 2964 sodes
331 2894 506 2976 apostolica
541 2892 639 2975 dixit,
673 2901 710 2956 ut
725 2893 759 2974 ⁸)
788 2893 841 2976 qui
868 2893 1107 2976 praeponendus
1134 2902 1186 2957 est
1211 2899 1360 2962 omnibus
1420 2947 1421 2964 ι

204 2981 246 3050 ab
267 2979 580 3063 omnibuneligatu13
601 2979 642 3044 de
661 2978 975 3060 comprovincialibus
988 2995 1066 3042 vero
1085 2977 1265 3046 ordinandis
1284 3003 1358 3048 cum
1420 2989 1421 3059 l

202 3085 362 3134 mnaensu
381 3063 625 3152 metropolitani,
648 3065 724 3130 oleri
744 3074 779 3128 et
799 3064 914 3128 civium
930 3061 1024 3145 juxta
1043 3063 1176 3148 priorum
1197 3083 1357 3134 canonum

202 3160 323 3220 statuta
343 3150 457 3212 electio
478 3158 512 3211 et
531 3152 678 3213 voluntas
697 3151 877 3232 requiratur.

222 3267 279 3340 lv.
299 3269 352 3336 vo
365 3267 601 3350 foederatam
620 3275 653 3332 er
667 3267 905 3413 oombtltarfouo
925 3275 1148 3334 utrumnum
1167 3267 1337 3346 mutones

572 3408 574 3414 .
661 3373 731 3416 cana
757 3357 894 3418 cericis.

285 3435 336 3508 uo
357 3439 564 3509 familiaritate
590 3449 807 3504 extranearum
835 3437 995 3506 mulierum
1011 3437 1045 3518 ο)
1073 3440 1150 3504 licet
1164 3433 1233 3522 J'am
1251 3445 1357 3508 multa

202 3546 284 3616 quac
306 3528 467 3592 observari
492 3527 626 3591 debeant
651 3527 757 3590 multis
777 3525 938 3590 canonicis
959 3527 1126 3592 sententiis
1146 3525 1261 3592 luerint
1280 3539 1358 3594 sta·
1419 3529 1420 3623 l

201 3627 289 3696 tota,
319 3622 427 3678 tamen
454 3612 537 3695 quod
563 3613 745 3696 agnoscitur
772 3629 873 3693 saepe
888 3610 1100 3692 transcendi,
1129 3613 1279 3679 convenit
1299 3635 1356 3680 re-

201 3700 329 3790 plicari;
348 3699 483 3782 ideoque
503 3700 681 3782 statuimus,
699 3705 736 3762 ut
755 3717 796 3762 nc
816 3698 887 3780 quia
908 3694 1084 3767 antistitum
1104 3697 1352 3782 clericorumque

201 3785 335 3851 omniurn
362 3786 520 3849 licentiam
545 3784 663 3847 babeat
687 3783 768 3846 intra
788 3782 913 3846 domum
934 3801 1024 3846 suani
1044 3783 1140 3846 ullam
1160 3785 1281 3868 absque
1303 3786 1355 3849 bis

185 3871 382 3958 ‘propinquis
401 3867 598 3950 mulieribus,
619 3887 699 3950 quas
719 3870 838 3953 priores
859 3887 998 3933 canones
1018 3871 1214 3952 eloquuntur,
1234 3869 1354 3934 babere
1418 3951 1419 3954 Ἴ

199 3955 386 4043 personam:
413 3953 525 4041 quibus
547 3951 709 4036 etiam¹⁰)
729 3953 762 4018 id
781 3955 963 4040 specialiter
981 3953 1153 4038 inhibetur,
1174 3963 1210 4022 ut
1231 3957 1261 4020 si
1281 3955 1355 4042 quis
1418 3975 1419 4022 l

198 4115 400 4140 m

219 4201 274 4279 ἰι
291 4228 354 4264 rone
370 4215 509 4270 nominor
530 4211 597 4278 aeg.
614 4211 649 4266 Β.
688 4237 725 4254 -
777 4207 807 4278 ι)
824 4217 863 4262 no
881 4215 979 4264 creon
996 4217 1134 4276 nouere
1154 4209 1185 4266 c.
1202 4211 1282 4283 Erip.
1315 4240 1353 4254 -

220 4285 388 4407 ''binii“
410 4279 885 4416 ”liltrttttltlsstlt
911 4281 1217 4415 dibito⁰⁰¹¹⁰⁰⁸
1174 4281 1297 4406 mii?
1323 4290 1353 4339 ⁰‘

220 4423 274 4490 .⁴)
292 4430 330 4490 lte
346 4367 526 4483 adrogatione
543 4371 746 4476 mdtoottoneqc.
763 4419 799 4472 fl.
815 4446 853 4476 -.-
880 4419 910 4486 ὅ)
926 4429 1113 4483 metropolitano
1130 4422 1239 4488 ungu,
1252 4423 1309 4478 ter.
1318 4429 1352 4492 Δ,
1417 4467 1418 4492 ,

269 4499 297 4545 ct
315 4490 345 4544 C.
360 4492 396 4543 Η.
430 4515 466 4531 -··
509 4489 539 4557 ο)
554 4500 748 4554 provincialibus
768 4489 845 4558 Hiap.
862 4489 894 4542 Α.
913 4490 947 4543 G.
980 4519 1016 4529 -
1069 4491 1098 4558 l)
1114 4501 1180 4552 saed
1197 4491 1282 4548 (LE.
1314 4521 1352 4536 -

243 4560 272 4630 ⁸)
291 4569 319 4626 ut
341 4559 417 4625 deest
438 4559 466 4612 in
489 4559 521 4614 C.
539 4559 574 4616 Η.
625 4589 660 4602 -
719 4562 750 4631 ο)
774 4559 849 4614 Haec
871 4567 933 4616 aunt
955 4561 1035 4616 rurba
1058 4559 1126 4618 tituli
1150 4560 1281 4618 iculi.
1314 4592 1351 4603 -

223 4632 273 4701 ιο)
290 4638 363 4684 ‘mn
377 4637 403 4684 θ’
421 4627 452 4684 cc
468 4628 504 4683 H·
537 4657 572 4670 '-
