2874 5044
196 211 239 302 io
406 319 427 334 ,μ
457 229 699 302 coucnrun
721 231 1086 306 rnnnnconnusu.

195 417 336 490 tempore
356 410 493 473 ‚statuto
528 403 691 470 decretum
724 402 817 470 buerit
850 407 1032 474 venumdari
1048 407 1104 488 ¹)t
1129 413 1282 474 'cetarum
1311 409 1350 474 si

198 492 341 576 speciem
360 508 424 562 nora
440 489 589 588 babuerit
608 492 838 574 necessariam,
860 493 963 576 ipsum
983 494 1066 578 quod
1087 489 1173 568 dedit
1195 495 1264 558 sine
1285 496 1349 558 ullo

147 583 151 594 ’
193 583 364 662 augmento
383 583 525 658 recrpmt.

234 704 292 772 lV.
338 699 383 784 Ut
408 703 513 770 noum
542 705 707 790 epiecopus
733 705 787 769 cel
812 705 902 786 infra
924 706 1050 788 postem
1075 703 1130 772 dte
1146 706 1306 770 dorninico

520 810 634 854 cnonas
652 791 806 872 janlicore
824 799 1022 874 pnceemnat.

278 873 324 942 ut
348 875 453 941 nullus
480 877 698 958 episcoporum
723 885 779 938 aut
804 877 1057 960 presbyterorum
1083 877 1137 940 vel
1163 872 1348 941 clericorum

195 959 247 1028 die
273 959 440 1028 dominico·
452 963 646 1046 propositum
665 958 892 1046 cujuscumque
910 979 1029 1026 causae
1047 961 1210 1046 negotium
1230 961 1350 1026 audeat

189 1046 332 1132 judicare
346 1045 404 1129 ²),
431 1047 493 1110 nisi
517 1045 579 1110 hoe
593 1044 628 1127 ³)
657 1055 779 1112 tautum
806 1055 843 1110 ut
868 1047 928 1110 deo
955 1051 1076 1112 statuta
1096 1047 1248 1110 solemnia
1268 1067 1347 1129 per-

194 1141 313 1218 agant:
343 1133 460 1196 ceteris
480 1152 557 1196 vero
579 1130 691 1196 diebus
711 1129 951 1210 conniventibus
962 1131 998 1214 ⁴)
1025 1134 1168 1216 personis
1188 1131 1240 1195 illa
1261 1151 1347 1216 quae

188 1217 276 1301 justa
301 1226 377 1282 sunt
402 1219 541 1284 habeant
565 1217 724 1284 licentiam
749 1217 912 1302 judicandi
927 1213 981 1302 ⁵),
1009 1226 1146 1302 excepto
1176 1219 1348 1282 criminalia

125 1353 129 1364 .
190 1306 322 1398 negotia
335 1301 381 1386 ⁶).

190 1430 232 1496 V.
277 1429 322 1496 Ut
347 1432 404 1514 qni
429 1433 466 1494 r'n
484 1430 732 1516 metropolitano
753 1432 889 1496 civitate
908 1449 973 1496 non
994 1429 1161 1496 ordinator
1180 1435 1347 1517 epiecopus

340 1525 419 1600 poet
439 1517 517 1580 duce
536 1537 659 1581 merasce
678 1516 976 1600 ee.metropolitono
993 1526 1187 1599 praesentet.

276 1599 314 1666 Si
335 1603 406 1686 quis
429 1601 462 1664 in
483 1605 720 1686 metropolitana
740 1601 873 1666 civitate
894 1621 958 1666 non
977 1604 1070 1666 brerit
1090 1607 1261 1686 episcopus
1288 1620 1346 1664 or-

190 1687 562 1772 dinatus,.posteaquam
583 1697 734 1769 suscepta
754 1689 972 1751 benedictione
984 1687 1018 1768 ⁷)
1039 1709 1096 1774 per
1115 1690 1345 1772 metropolitani

189 1776 298 1838 literas
318 1773 467 1836 honorem
487 1775 581 1836 fuerit
600 1775 805 1856 episcopatus
816 1772 850 1852 8)
872 1771 1023 1855 adeptus,
1044 1773 1077 1836 id
1097 1775 1245 1856 optimum
1266 1789 1346 1837 esse

190 1859 406 1941 decrevimus,
440 1866 477 1921 ut
503 1855 704 1942 postmodium
730 1859 851 1921 statuto
879 1867 1036 1940 tempore,
1065 1858 1098 1922 id
1125 1869 1177 1922 est
1205 1861 1344 1944 impletis

191 1947 314 2012 dnobus
335 1945 513 2026 mensibus,
536 1961 574 2007 se
595 1943 824 2028 metropolitani
844 1943 894 2006 sui
913 1952 1130 2024 repraesentet
1149 1948 1345 2028 aspectibus,

189 2027 230 2096 'ut
251 2033 290 2096 ab
312 2031 364 2094 illo
385 2029 513 2093 monitis
534 2026 766 2093 ecclesiasticis
785 2030 957 2091 instructus
976 2029 1099 2112 plenius
1119 2031 1202 2112 quod
1219 2032 1252 2113 ⁹)
1282 2031 1345 2093 ob-

192 2135 322 2182 servare
348 2115 464 2178 debeat
491 2124 721 2199 recognoscat:
751 2113 834 2198 quod
863 2115 893 2176 si
918 2113 998 2176 forte
1022 2115 1103 2177 haec
1129 2115 1256 2198 implere
1281 2137 1345 2179 nc-

191 2198 347 2290 glexerit,
384 2199 417 2260 in
450 2200 572 2278 synodo
605 2201 787 2279 increpatus
814 2217 834 2260 a
860 2198 1005 2260 fratribus
1036 2201 1227 2283 cor-rigatum
1258 2201 1345 2282 quod

191 2288 222 2351 si
238 2287 293 2365 ¹⁰)
320 2281 497 2346 infirmitate
525 2279 628 2364 aliqua
648 2303 688 2344 ne
709 2283 771 2344 hoc
790 2282 918 2359 impleat
938 2281 1032 2344 fuerit
1048 2280 1258 2365 praepeditus,
1279 2287 1345 2349 hoc

190 2373 259 2438 suis
278 2371 378 2434 literis
397 2367 635 2450 metropolitano
656 2365 794 2430 indicare
813 2371 967 2446 procuret

126 2481 133 2488 ’
232 2497 289 2563 VI.
342 2494 387 2559 Ut
412 2495 593 2578 episcopas,
622 2495 677 2578 qui
707 2513 729 2556 a
753 2489 999 2574 metropolitano
1025 2491 1230 2556 commonitae
1259 2493 1304 2557 nd

407 2581 559 2664 synodum
580 2599 644 2643 non
665 2581 805 2656 venerit,
834 2578 1127 2642 excommunicetur.

276 2667 313 2733 Si
339 2667 411 2751 quis
436 2668 652 2749 episcoporum
669 2664 725 2744 ¹¹)
757 2664 963 2728 commonitus
990 2680 1010 2724 a
1036 2659 1271 2743 metropolitano
1301 2662 1345 2726 ad

81 2788 91 2800 ·
188 2754 347 2840 synodum
366 2753 452 2816 nulla
471 2753 563 2834 gravi
582 2749 799 2816 intercedente
819 2748 1015 2812 necessitate
1028 2740 1084 2826 ¹²)
1111 2749 1262 2828 corporali
1281 2767 1346 2812 ve-

192 2844 259 2906 nire
281 2837 523 2918 contempserit,
553 2837 638 2898 sicut
664 2843 784 2897 statuta
809 2841 931 2915 patrum
952 2842 1125 2898 sanxerunt
1141 2833 1213 2913 ¹³),
1240 2852 1345 2915 usque

192 2925 234 3002 ad
257 2925 395 2987 futurum
425 2917 591 2985 concilium
623 2932 808 2984 cunctorum
840 2919 1058 3001 episcoporum
1084 2917 1225 2982 caritatis
1252 2938 1345 2982 com-

191 3009 336 3075 munione
357 3009 504 3092 privetur.

142 3215 146 3224 ,
191 3138 262 3204 Vll.
308 3136 352 3200 Ut
379 3134 565 3200 dioecesani
590 3133 700 3196 clerici
719 3133 916 3214 septimanos
936 3136 1069 3194 teneant
1090 3135 1124 3194 et
1144 3131 1198 3196 die
1217 3131 1348 3216 sabbati

518 3237 624 3281 omnes
644 3221 680 3282 in
700 3239 797 3282 annm
818 3218 1018 3280 conveniant.

186 3335 190 3344 ·
277 3309 327 3372 De
356 3303 554 3370 dioecesanis
583 3303 729 3368 ecelesiis
754 3303 807 3366 vel
835 3303 918 3364 clero
946 3301 978 3362 id
1005 3302 1124 3383 placuit
1144 3300 1281 3384 deliniri,
1308 3309 1348 3364 ut

192 3395 369 3482 presbyteri
395 3393 448 3454 vel
475 3389 599 3454 diaconi
621 3391 675 3473 qui
701 3389 744 3451 ibi
762 3386 816 3467 ¹⁴)
845 3387 1009 3451 constituti
1036 3396 1110 3449 sunt
1129 3388 1348 3454 cumclericis

186 3485 388 3565 ,septimanas
410 3479 580 3550 observent
589 3496 603 3559 3·
626 3475 658 3538 id
680 3483 731 3538 est
751 3481 787 3536 ut
807 3472 973 3554 presbyter
993 3471 1203 3536 unamfaciat
1222 3473 1349 3535 hebdo-

187 3569 334 3649 madam,
356 3583 419 3648 qua
439 3563 567 3642 expleta
586 3561 740 3624 succedat
761 3560 791 3620 ei
812 3557 962 3620 diaconus
983 3551 1140 3640 similiter,
1161 3578 1200 3621 ea
1221 3556 1349 3621 scilicet

195 3655 372 3720 conditione
393 3657 537 3726 servata,
565 3653 601 3708 ut
621 3647 722 3709 omnis
741 3644 844 3706 clerus
866 3643 916 3706 die
937 3643 1062 3706 sabbati
1075 3642 1130 3723 ¹⁵)
1158 3643 1198 3705 ad
1224 3663 1348 3726 vespe·

181 3739 318 3817 ·1·as¹⁶)
348 3738 391 3799 sit
416 3741 562 3816 paratus,
592 3741 654 3813 quo
679 3728 802 3794 facilius
825 3726 874 3790 die
897 3722 1049 3792 dominico
1070 3729 1253 3791 solemnitas
1273 3748 1348 3791 cum

195 3821 331 3890 omnium
350 3821 532 3904 praesentia
552 3819 746 3883 celebretur:
780 3813 828 3878 ita
855 3821 976 3894 tamen,
1003 3823 1040 3877 ut
1068 3816 1210 3878 omnibus
1236 3814 1348 3878 diebus

233 4039 263 4110 ι)
281 4047 432 4093 venumdare
449 4037 477 4094 in
498 4058 533 4094 m.
549 4037 588 4092 M.
632 4059 669 4076 -·
721 4033 750 4104 1)
768 4041 915 4096 venelone,
940 4033 975 4085 al.
991 4025 1165 4095 ventilarexin
1187 4047 1222 4083 m.
1240 4031 1278 4084 Μ.
1311 4055 1348 4070 -

188 4173 192 4182 δ
231 4113 261 4183 8)
278 4118 329 4162 nist
346 4108 374 4162 at
390 4118 436 4162 boc
454 4109 534 4178 (sorte
552 4118 585 4161 aa
602 4108 659 4174 boc)
677 4103 715 4157 Μ.
756 4129 792 4144 -·
838 4103 868 4174 ⁴)
887 4103 1086 4156 convenientibus
1103 4101 1155 4165 M.‚
1180 4107 1348 4154 cobibentibus
1403 4108 1408 4117 “

263 4183 331 4234 Luc.
365 4206 402 4220 ··-
437 4180 466 4247 ⁵)
484 4187 626 4232 vindicandi
642 4177 671 4229 in
687 4191 722 4226 m.
740 4173 777 4226 Μ.
811 4177 849 4212 '-
884 4179 912 4240 θ)
931 4181 1042 4236 exceptis
1059 4177 1226 4226 cremnorum
1242 4179 1360 4243 nepotas,

186 4241 192 4254 ’
265 4250 294 4304 in
310 4256 345 4316 t,
363 4258 466 4312 eccepto
485 4255 607 4302 crinainolt
623 4249 720 4311 nepolio
737 4241 766 4296 in
783 4260 817 4294 m.
834 4239 872 4295 M.
905 4267 942 4285 -·
989 4242 1018 4309 ἵ)
1035 4251 1123 4306 postea
1141 4261 1195 4294 curn
1212 4249 1348 4305 susceperit

267 4329 457 4374 benedictionem
473 4319 510 4380 M.
528 4345 564 4356 —
581 4324 737 4369 ordinatione
754 4313 799 4364 AE.
819 4313 855 4364 T.
867 4313 892 4363 2.
916 4338 953 4354 ·-·
988 4314 1017 4381 ⁸)
1035 4317 1144 4374 episcopt
1162 4311 1189 4364 in
1207 4328 1241 4364 ιιι.
1258 4315 1295 4364 Μ.
1312 4339 1347 4354 -

187 4445 191 4452 ·
232 4391 263 4459 ”)
280 4373 1184 4528 ttAE;E·ti¹·i‘bb.tibt-³‘¹‘l‘d·...‘...¹..¹.b‘b⁸.⁶⁰’⁹.²‘.⁸
1195 4381 1347 4520 tetur

265 4477 879 4595 oen.1}1t.1t.3.,etM.—mvleoU.G.
931 4547 968 4565 -·
1024 4519 1317 4590 mmeramme-

212 4595 263 4668 1⁶)
280 4616 409 4672 vesperam
425 4597 464 4652 Μ.
497 4623 534 4640 -·-

210 4826 214 4831 ¹
294 4853 307 4888 ι
