2868 5040
191 238 258 307 Μ
476 235 716 306 comminui
742 235 999 304 t'tlttonlctut
1020 237 1057 302 ll.

193 429 318 496 qoaqna
343 411 520 478 temeritate
545 410 738 496 pervadente
762 421 942 494 competere
961 411 1015 473 vel
1040 407 1214 473 conliscare
1244 427 1346 490 prae-

193 499 377 578 sumpserit,
397 505 475 561 tunc
495 505 656 561 reservato
677 494 878 562 correctionis
896 497 968 561 icco
987 494 1091 560 adhuc
1112 513 1132 556 a
1152 493 1345 576 presbytero

193 581 336 664 ejusdem
357 583 531 664 ecelesiae,
559 581 649 664 cajus
668 583 815 664 interest,
837 597 1036 663 pervasorem
1057 579 1206 644 convenit
1227 579 1344 640 admo-

193 669 277 750 ueri,
299 676 334 732 et
351 669 382 732 ai
401 667 629 731 restitutionem
649 666 815 749 distulerit,
836 667 940 732 adhue
959 667 1051 750 quasi
1070 663 1152 728 lilius
1174 665 1214 726 ab
1237 663 1345 724 omni-

192 753 254 818 tor
273 754 418 818 iratribus
437 751 479 817 ad
498 751 688 816 reddendum
708 754 820 832 missis
834 753 976 833 epistolis
997 751 1207 830 compellatur.
1249 745 1345 826 Quod

194 838 224 902 ai
241 839 441 920 pertinaciter
461 838 492 900 iu
512 838 699 918 pervasione
713 840 885 920 perstiterit
896 846 933 900 et
948 855 986 900 sa
999 837 1108 900 tollere
1126 841 1201 916 post
1214 835 1344 896 tertiam

193 924 464 990 commonitionem
485 920 525 984 de
546 943 580 988 re
599 922 652 984 illa
668 921 700 999 ¹)
726 931 782 987 aut
801 923 958 986 ecclesiae
978 931 1033 986 ant
1053 919 1174 1002 propria
1194 919 1342 998 noluerit,

193 1005 344 1074 convenit
369 1015 406 1071 ut
434 1025 544 1070 ornnes
571 1003 694 1070 omnino
714 1025 776 1071 una
796 1005 995 1071 conniventia
1015 1005 1107 1070 simul
1128 1023 1199 1068 cum
1220 1005 1343 1066 nostris

192 1094 359 1158 abbatibus
385 1109 425 1158 ac
451 1092 644 1177 presbyteris
668 1091 722 1156 vel
750 1092 834 1158 cle'ro
860 1091 913 1176 qui
940 1089 1105 1174 stipendiis
1124 1109 1166 1154 ex
1187 1089 1265 1184 ipso·
1283 1089 1343 1150 sli-

193 1187 302 1244 mentc
329 1186 517 1261 pascuntur,
543 1178 616 1261 qnia
642 1196 728 1240 arma
754 1178 845 1242 nobis
872 1196 935 1240 non
961 1185 1037 1239 sunt
1062 1175 1141 1255 alia,
1167 1175 1342 1240 auxillante

194 1263 338 1346 Christe,
365 1264 573 1344 circumsepto
601 1260 737 1326 clericali
763 1264 874 1342 choro,
907 1261 1047 1326 necatori
1072 1278 1262 1341 pauperum,
1289 1257 1344 1339 qui

193 1353 246 1414 res
267 1348 412 1430 pervadit
430 1349 605 1429 ecclesiae,
626 1349 765 1430 psalmus
784 1346 978 1411 centesimus
999 1355 1131 1410 celatus
1152 1343 1285 1424 dicatur,
1307 1353 1343 1404 ut

91 1427 94 1434 ⁴
193 1435 302 1496 veniat
321 1451 417 1514 snper
436 1451 507 1495 eum
528 1431 580 1495 illa
599 1432 775 1496 maledictio
796 1451 877 1516 quae
903 1449 998 1513 super
1017 1431 1131 1496 Judam
1153 1430 1258 1510 venit,
1288 1429 1342 1510 qui

194 1517 267 1582 duur
294 1517 415 1580 loculos
441 1517 580 1599 iaceret,
608 1517 811 1583 subtrahebat
836 1528 1005 1599 pauperum
1027 1515 1190 1580 alimenta:
1218 1521 1343 1576 utnon

193 1604 295 1668 solum
314 1601 652 1682 exeommunimtus2)
680 1602 739 1668 sed
766 1604 861 1667 etiam
885 1599 1169 1666 anathematizatus
1191 1598 1343 1662 moriatur

195 1696 230 1752 et
250 1687 383 1754 coelesti
402 1685 508 1769 gladio
527 1669 668 1770 feriatur,
697 1687 802 1770 quiin
823 1687 977 1769 despectu
999 1687 1051 1750 dei
1071 1695 1106 1750 et
1126 1685 1286 1750 ecclesiae
1308 1691 1344 1745 et

192 1773 373 1858 pontificum
394 1773 426 1836 in
444 1772 507 1836 hac
528 1773 714 1856 pervasione
735 1774 907 1854 praesumit
925 1791 1101 1856 assurgere.
1140 1769 1218 1834 illud
1239 1771 1342 1833 etiam

193 1857 320 1922 annecti
339 1857 473 1940 placuit,
493 1865 528 1920 ut
549 1859 602 1940 qni
622 1857 663 1921 de
682 1859 828 1922 iratribus
848 1857 889 1921 ad
909 1857 1043 1922 dandum
1063 1853 1209 1921 solatium
1229 1856 1343 1918 venire

193 1963 249 2028 pro
264 1953 353 2009 certa
367 1940 551 2008 infirmitatis
565 1943 758 2008 necessitate
771 1963 833 2006 non
847 1943 997 2025 potuerit,
1011 1943 1142 2016 abbates
1156 1950 1190 2002 et
1203 1941 1343 2021 presby-

193 2040 279 2094 teros
293 2031 325 2092 in
338 2031 412 2092 vice
430 2048 489 2093 sua
503 2030 705 2092 transmittat
741 2027 803 2107 Qui
823 2030 852 2092 si
872 2037 997 2114 prester
1015 2035 1134 2099 certam
1154 2022 1343 2089 infirmitatis

193 2115 432 2178 excusationem
458 2115 665 2178 commonitus
687 2123 744 2178 aut
762 2113 870 2176 venire
891 2121 948 2179 ant
968 2112 1178 2176 transmittere
1197 2111 1343 2191 noluerit,

193 2207 346 2262 remotum
366 2216 405 2260 se
427 2217 446 2260 a
466 2199 592 2262 fratrum
614 2199 746 2262 carimte
766 2218 841 2277 esse
862 2207 1054 2281 cognoscat,
1073 2215 1144 2261 nam
1165 2194 1248 2277 quod
1265 2196 1342 2276 qui·

193 2281 265 2371 deru
279 2284 345 2375 uon·
358 2281 523 2361 eredimus,
539 2281 569 2345 si
589 2283 660 2362 quis
681 2292 790 2346 eontra
810 2283 939 2346 decreta
958 2292 1066 2354 nostra
1086 2281 1141 2346 tali
1160 2281 1341 2344 temeratori

192 2384 421 2430 eemmnmcare
446 2368 707 2448 praesumpserit,
735 2367 767 2429 in
793 2385 832 2430 se
860 2386 988 2431 causam
1010 2366 1342 2432 excommunicationis

193 2451 410 2532 transformer,
438 2459 473 2516 et
501 2469 573 2516 curu
599 2450 712 2516 eodem
733 2469 771 2516 se
793 2469 813 2518 a
832 2454 965 2518 caritate
985 2449 1120 2518 omnium
1139 2451 1340 2518 sacerdotnm

190 2546 365 2622 cognoscat
387 2535 641 2631 esse'remotum.

190 2657 296 2722 XXV.
324 2655 376 2720 De
392 2639 613 2742 pervasoribus
626 2677 683 2720 sen
695 2659 905 2722 retentoribus
919 2679 1023 2722 rernm
1038 2656 1338 2720 ecclesiasticorum.

275 2761 389 2824 Placet
415 2760 520 2840 itaque
547 2776 586 2821 ac
613 2759 755 2824 omnibus
782 2761 883 2824 modis
910 2761 1057 2824 convenit
1084 2761 1268 2839 observare,
1302 2765 1341 2820 ut

193 2845 265 2928 quie
286 2841 424 2908 nonnulli
442 2845 596 2908 memores
616 2843 663 2906 sui
693 2865 750 2926 per
776 2847 931 2926 quaslibet
958 2845 1134 2934 scripturasx
1157 2864 1211 2926 pro
1240 2851 1339 2924 captu

192 2929 285 2992 animi
306 2929 347 2993 de
368 2929 569 2994 facultatibus
589 2929 656 2992 suis
677 2932 823 2996 ecclesiis
844 2931 957 3014 eliquid
973 2929 1148 2994 contulisse
1160 2931 1339 3012 probantur,

192 3015 274 3095 quod
292 3037 310 3078 a
326 3015 459 3076 diversis
480 3013 572 3077 deum
593 3016 695 3078 minus
714 3016 897 3094 timentibus
916 3025 1049 3078 eatenus
1068 3015 1226 3078 mortifera
1246 3011 1340 3077 calli-

190 3097 289 3160 ditate
309 3106 435 3159 tenetur
455 3107 490 3158 ut
510 3099 637 3160 aliorum
660 3101 775 3163 oblatio
794 3103 854 3166 illis
875 3100 1032 3184 pertineat
1051 3101 1092 3164 ad
1113 3101 1249 3178 ruinam,
1275 3117 1339 3162 nec

157 3253 162 3261 ¹
190 3182 302 3243 intueri
329 3180 423 3243 corde
451 3183 575 3262 possint
600 3183 681 3244 diem
706 3185 815 3264 judicii
841 3185 913 3248 (lum
940 3187 1053 3249 nimiae
1074 3181 1255 3266 cupiditatis
1276 3181 1340 3245 de-

189 3265 484 3330 lectantnrsrdore.
525 3263 721 3348 Quicumque
748 3288 825 3351 ergo
851 3272 1011 3333 immemor
1037 3269 1179 3333 interitus
1204 3270 1255 3332 sui
1283 3287 1338 3331 res

190 3353 353 3434 ecelesiis,
378 3349 530 3433 utsupra
549 3350 701 3433 diximus,
731 3352 897 3436 delegatas
917 3354 1035 3436 injuste
1052 3354 1221 3436 possidens
1242 3373 1339 3435 prae-

125 3479 128 3488 .
190 3440 361 3519 sumpserit
391 3437 542 3518 retinere,
574 3445 608 3500 et
633 3439 768 3502 veritate
795 3449 955 3521 comperte
980 3457 1032 3502 res
1057 3439 1108 3502 dei
1134 3441 1239 3502 servis
1265 3438 1337 3518 ejus

190 3521 433 3587 dissimulaverit
458 3523 647 3604 reformare,
679 3525 719 3588 ab
750 3526 892 3588 omnibus
922 3518 1068 3588 eooteiits
1095 3529 1137 3588 se'
1171 3525 1290 3605 egatus
1317 3543 1338 3586 a

190 3616 305 3672 saneta
337 3607 553 3670 communione
584 3608 736 3670 habeatur
765 3618 952 3690 extraneus,
982 3627 1043 3685 nec
1071 3610 1130 3671 aliu
1178 3616 1338 3672 mereatur

189 3694 308 3756 hebere
329 3689 508 3771 remedium,
528 3692 589 3754 nisi
609 3711 680 3754 curn
695 3693 816 3775 culpam
836 3695 988 3778 propriant
1002 3713 1103 3757 rerum
1118 3693 1338 3758 emendatione

190 3778 380 3860 purgaverit.
407 3776 553 3859 ‘Indigno
574 3777 655 3838 enim
677 3779 717 3840 ad
738 3778 837 3840 altare
858 3778 972 3841 domini
991 3797 1156 3860 properare
1180 3777 1338 3860 permitti·

192 3871 258 3942 tur,
280 3863 332 3942 qui
353 3879 405 3923 res
426 3858 662 3926 ecclesiasticas
684 3869 717 3923 et
739 3862 834 3924 audet
854 3883 963 3944 rapere
984 3873 1017 3926 et
1037 3863 1151 3944 injuste
1172 3861 1337 3943 possidere
1412 3861 1413 3936 l

191 3947 296 4028 iniqua
313 3944 495 4007 defensione
514 3946 679 4030 perdurat3
697 3957 864 4012 necatores
886 3950 967 4009 enirn
988 3967 1157 4030 pauperum
1174 3945 1337 4026 judicandi

191 4040 285 4112 snut,
317 4031 370 4110 qui
400 4049 506 4092 eorum
539 4030 643 4094 taliter
676 4032 822 4095 alimenta
853 4033 1070 4095 subtraxerint.
1120 4031 1336 4094 sacerdotalis

191 4125 299 4180 tamen
320 4113 415 4176 debet
443 4134 518 4177 esse
544 4114 680 4197 provisio
687 4163 697 4198 ,
724 4126 760 4178 ut
777 4119 946 4180 vindictam
974 4115 1141 4179 admonitio
1167 4114 1336 4179 manifesta

190 4199 372 4282 praecedat,
388 4206 424 4261 ut
445 4217 497 4262 res
516 4210 684 4282 usurpatus
702 4200 828 4280 injuste.
840 4204 893 4284 qui
914 4202 1043 4280 abstulit
1062 4203 1202 4263 adhibita
1222 4200 1335 4283 aequi-

192 4294 270 4348 tate.
291 4287 456 4348 restituat:
491 4283 574 4365 quod
610 4287 639 4347 si
670 4286 845 4367 neglexerit
874 4294 908 4348 et
935 4283 1116 4350 necessitas
1142 4288 1334 4368 compulerit,

192 4377 305 4452 postea
332 4369 520 4450 proedonem
557 4369 765 4434 sacerdotalis
802 4371 953 4435 districtio
991 4378 1146 4436 maturata
1174 4371 1334 4453 percellat,

236 4585 263 4652 ¹)
281 4591 372 4636 retecto
390 4591 443 4642 tres
462 4577 524 4642 mss,
551 4581 603 4661 “-,
634 4590 663 4655 ²)
681 4599 846 4644 ereonmnrrir
863 4587 951 4643 iidenr.
987 4617 1022 4630 -
1097 4623 1100 4626 -
