2874 5044
376 203 619 292 obscurum
640 217 945 292 ermonense
1088 201 1090 210 ’
1193 223 1236 290 ar

77 407 251 488 repertus,
283 396 409 462 *merito
447 395 612 479 dejiciatur
650 391 725 480 quia
741 394 781 476 ¹)
819 395 914 464 fldem
950 373 1079 462 servam
1112 392 1239 463 minime

77 486 297 574 cognoscitur.
511 505 514 510 ¹
617 523 723 630 Vm¹·
967 519 983 526 —
1289 497 1291 504 ·

77 677 80 686 ⁴
167 652 366 736 chnmque
387 647 537 733 clericus,
558 651 780 731 subdiaconus,
802 647 963 733 diaconus,
982 651 1149 735 presbyter
1160 649 1237 716 sine

13 785 18 790 -
79 742 279 808 couscientia
311 739 453 820 episcoi
488 736 602 819 aliquid
635 737 675 799 de
703 735 959 818 possessionibus
988 737 1042 798 vel
1075 737 1115 800 de
1143 737 1236 800 domo

81 826 243 892 ecclesiae
263 823 389 885 tulerint
403 758 440 901 li
459 831 514 884 aut
534 819 672 884 fiendam
694 822 834 904 fecerint,
855 821 1041 884 nouaclum
1061 839 1133 884 cum
1155 821 1239 884 omni

83 911 242 975 dedecore
261 907 425 970 constricti
444 906 611 968 restituant
631 905 714 988 quod
736 906 880 969 fecerunt
892 905 945 987 ²),
958 905 1031 968 ‘sed
1057 908 1154 968 etiam
1174 925 1238 970 non

85 997 202 1062 debere
215 991 249 1072 8)
276 991 319 1055 ibi
338 994 370 1054 in
392 991 530 1055 ecclesia
551 1010 626 1054 esse
648 992 700 1053 ubi
720 990 861 1054 fr·audem
882 993 972 1054 visus
994 999 1046 1053 est
1066 1010 1238 1075 operasse:

84 1081 206 1146 duobus
222 1078 330 1159 jaceat
352 1079 411 1140 sub
430 1077 623 1158 poenitentia
643 1076 733 1140 annis
748 1085 783 1140 et
796 1075 915 1158 dum‘)
930 1076 1095 1156 defleverit
1108 1077 1238 1160 factum,

79 1173 260 1239 revertatur
279 1163 322 1226 ad
341 1162 487 1226 officium.
518 1237 522 1246 1
627 1246 673 1310 IX
1256 1161 1257 1167 ’

166 1335 242 1398 Hoc
273 1339 347 1396 ente
378 1329 483 1394 omnia
503 1327 675 1412 ,decretum
701 1329 761 1396 ‘est
773 1375 784 1414 ,
816 1339 853 1395 ut
883 1331 1018 1397 Judaeis
1048 1350 1112 1403 uon
1141 1333 1240 1398 liceat

79 1439 199 1504 corpus
214 1417 250 1497 ⁵)
283 1418 440 1481 deducere
472 1417 650 1500 psallendo,
682 1417 742 1480 sed
770 1423 807 1481 ut
835 1436 941 1482 eorum
968 1417 1078 1482 habuit
1105 1437 1175 1484 mos
1204 1425 1240 1484 ct

78 1503 281 1572 cousuetudo
307 1501 450 1587 antiqua,
477 1521 592 1585 corpus
620 1502 780 1567 deducant
801 1512 835 1567 et
855 1513 1007 1586 reponant
1022 1504 1075 1585 ⁶):
1104 1503 1188 1589 quod
1209 1505 1239 1570 si

78 1594 192 1656 facere
218 1591 314 1654 aliter
341 1590 627 1673 praesumpserint,
658 1589 793 1655 inform
819 1583 926 1655 comiti
953 1583 1093 1656 'civitatis
1120 1593 1188 1657 euri
1202 1588 1240 1674 ²)

78 1695 196 1744 uncias
217 1694 286 1740 sex.
641 1761 674 1824 X

171 1846 245 1912 ilco
271 1843 408 1910 maxime
437 1841 598 1910 definitum
625 1854 693 1928 est,
721 1854 759 1910 ut
782 1847 886 1910 nullus
914 1847 1031 1912 audeat
1056 1843 1241 1912 clericorum

81 1933 312 1999 ordinationem
333 1933 390 1994 sui,
404 1929 547 2015 episcopi
568 1939 786 2013 contemnere,
813 1933 873 1996 sed
893 1935 946 1996 ubi
966 1932 1127 1996 ordinatus
1148 1929 1241 1997 fuerit

82 2021 247 2085 ambulare
274 2018 391 2080 debeat
416 2036 488 2082 cum
514 2015 619 2102 gratia
647 2025 682 2078 et
710 2015 903 2098 obedientie,
932 2026 967 2079 et
994 2037 1076 2100 quae
1103 2016 1243 2098 injuncta

80 2107 201 2170 fuerint
225 2123 344 2187 agere:
373 2103 458 2185 quod
484 2102 513 2165 si
537 2103 597 2164 sub
618 2103 771 2164 cothurno
792 2099 958 2185 superbiae
978 2101 1157 2188 neglexerit
1178 2105 1248 2167 im·

81 2194 195 2280 plere,
224 2209 287 2254 non
311 2189 413 2253 solum
443 2186 601 2272 stipendio
625 2189 688 2252 sed
709 2207 791 2278 armo
811 2207 875 2278 uno
895 2207 916 2254 e
938 2191 1154 2256 communione
1174 2188 1242 2275 pu'-

79 2281 189 2343 vetm.
845 2281 847 2286 '

635 2360 691 2424 Xl.

171 2442 296 2508 Amcdo
327 2443 402 2508 nulli
433 2445 529 2510 liceat
565 2444 785 2529 episcoponnn
816 2445 958 2512 ordinare
989 2441 1153 2508 diaconum
1185 2452 1256 2510 aut·

84 2531 307 2616 presbyterum
336 2531 444 2594 literas
474 2532 691 2614 ignorantem,
725 2531 784 2594 sed
813 2535 841 2594 si
871 2533 924 2613 qni
955 2531 1087 2593 ordinati
1117 2528 1241 2613 fireriut,

84 2617 391 2701 cogantuadiscer'e.
423 2613 485 2694 Qui
498 2634 575 2678 vero
595 2615 746 2679 diaconus
767 2623 823 2676 aut
842 2617 1008 2697 presbyter
1028 2611 1243 2678 lueritrliteris
1312 2614 1318 2618 ’

84 2700 263 2767 ineruditus
284 2709 319 2763 et
339 2697 499 2764 desidiose
522 2701 631 2784 legere
652 2701 706 2763 vel
726 2699 855 2782 implere
875 2697 1012 2762 officium
1032 2697 1187 2761 distulerit
1209 2707 1243 2762 et

85 2789 122 2852 in'
143 2789 284 2850 ecclesia
305 2795 432 2868 paratus
443 2786 536 2866 ⁸)ad
553 2786 656 2848 omnia
671 2805 733 2848 non
747 2785 856 2868 -fuerit,
877 2783 1074 2868 antipendio
1095 2781 1244 2866 rejicien—
1351 2783 1355 2802 '

85 2877 163 2938 dum
185 2881 221 2934 et
247 2871 454 2934 inclinandum
475 2873 579 2954 quoad
599 2889 701 2954 usque
721 2881 872 2935 curvatus
892 2872 1019 2952 impleat
1041 2878 1074 2934 et
1094 2869 1244 2936 defendat

85 2958 175 3043 quod
193 2977 270 3020 esse
291 2957 508 3040 cognoscitur,
537 2965 592 3020 aut
614 2957 687 3038 quid
714 2957 773 3020 erit
798 2959 831 3020 in
859 2956 998 3020 ecclesia
1024 2955 1095 3040 dei,
1125 2953 1155 3019 si
1181 2975 1245 3022 non
1323 3022 1327 3024 ,

85 3045 183 3110 luerit
203 3043 244 3104 ad
258 3042 433 3125 ,legendum
454 3041 691 3120 exercitatus⁹J
708 3049 742 3103 et
763 3041 792 3103 si
810 3038 1073 3122 perseveraverit
1084 3040 1245 3106 desidiose

90 3140 129 3192 et
149 3147 210 3191 non
224 3129 293 3190 vult
312 3125 474 3209 proficere,
494 3125 633 3191 mittatur
653 3126 685 3187 in
705 3127 939 3212 monasterium,
960 3125 1116 3213 quianon
1136 3135 1246 3214 potest
1351 3141 1353 3146 '

86 3215 153 3281 nisi
175 3213 309 3298 legendo
324 3211 379 3293 ¹⁰)
401 3211 568 3277 aedificare
587 3212 745 3296 populum.

176 3384 269 3447 llaec
296 3381 432 3446 maxime
458 3375 514 3462 pro
536 3375 588 3444 dei
606 3379 718 3444 timore
741 3389 775 3443 et
794 3378 887 3445 modo
909 3379 1094 3464 discipliuae
1114 3375 1248 3446 canoni-

89 3487 151 3533 eec
173 3470 327 3552 elegimus
348 3466 556 3530 custodienda
574 3469 627 3529 vel
649 3467 804 3548 tenenda,
830 3475 866 3530 ut
886 3466 959 3530 (lum
980 3469 1082 3531 missa
1102 3468 1248 3532 celebra-

89 3564 141 3617 tur
174 3555 278 3617 nullus
309 3554 478 3634 presbyter·
509 3553 565 3615 aut
592 3551 744 3620 diaconus
774 3555 894 3634 absque
924 3551 1029 3635 aliqua
1057 3551 1246 3637 infirmitate,

89 3640 164 3702 dum
182 3640 304 3702 'missa
324 3635 504 3718 perficiatur
515 3681 526 3720 ,
554 3637 664 3720 egredi
696 3637 736 3700 de
769 3638 879 3700 altario
911 3639 1044 3720 audeat,
1080 3657 1142 3702 nec
1176 3638 1249 3702 dia-

91 3743 193 3788 conus
221 3719 278 3790 adt
296 3721 508 3801 subdiaconus
529 3731 617 3786 'certe
637 3722 691 3786 vel
711 3723 828 3805 lector,
857 3731 1025 3808 antequam
1046 3722 1146 3786 missu
1165 3742 1247 3790 con-

90 3816 265 3872 summetur
292 3809 363 3870 alba
388 3827 426 3870 se
452 3825 513 3869 non
529 3806 585 3888 11)
610 3816 792 3890 praesumat
819 3827 957 3872 exuere:
988 3807 1072 3892 quod
1101 3809 1131 3872 si
1156 3811 1249 3893 quis-

90 3914 154 3976 que
170 3891 225 3972 ¹²)
253 3913 316 3957 non
341 3892 516 3973 impleverit
544 3895 719 3956 constituta
739 3892 812 3978 ¹⁸),
841 3896 1021 3978 presbyteri
1047 3896 1248 3979 increpentur

92 3987 132 4040 ut
159 3979 311 4059 redeant,
344 3977 496 4042 maeones
527 3986 561 4040 et
595 3979 790 4061 execrandos
820 3987 855 4042 et
883 3978 1040 4063 stipendio
1066 3979 1247 4067 privandos,

90 4064 229 4146 reliquos
251 4063 446 4130 districtione
467 4064 645 4128 certissima
665 4063 928 4132 condemnandos

134 4239 138 4244 .
215 4241 218 4250 ,
708 4239 711 4245 ,
814 4233 817 4242 .
851 4233 856 4258 ,
984 4237 987 4244 ,

128 4265 159 4332 ¹)
177 4267 220 4326 eat
236 4265 274 4318 M.-
316 4291 352 4306 ——
399 4264 429 4332 ²)
447 4271 533 4320 tulerit
550 4299 601 4319 η.
621 4274 710 4332 feeerit
726 4301 733 4317 .
748 4303 776 4319 ..
796 4274 946 4322 conetrtelue
961 4275 1079 4322 restttuct
1095 4273 1160 4328 quoa
1175 4273 1246 4333 feee-

159 4343 195 4387 rit
211 4335 250 4388 M.
286 4361 322 4374 -
347 4333 531 4402 '0410th
565 4363 601 4378 ·-
636 4338 740 4404 ⁴)eum
757 4337 795 4390 M.
830 4367 867 4379 —
903 4335 1247 4408 ⁵)defimcttadd.M.·-

84 4445 88 4454 .
125 4400 352 4471 mammen„
385 4431 423 4446 -
462 4404 491 4472 t)
509 4415 566 4468 curt
583 4407 657 4459 deest
674 4407 773 4476 apM.
807 4439 844 4452 -
885 4407 1125 4476 ⁸)uttttrlll.·-
1160 4408 1249 4477 ⁰)Aa

160 4483 222 4535 quid
244 4482 465 4528 menesatem
482 4483 524 4529 aer
541 4485 564 4528 et
580 4493 630 4529 noc
646 4483 724 4540 merit
740 4485 775 4537 ed
788 4483 921 4544 tepentium
937 4480 1117 4534 musitante!
1138 4476 1178 4530 M.
1210 4505 1248 4520 ·-

108 4541 496 4681 1:3mrtdegm20effitapdd.
520 4561 557 4590 -ι
583 4545 634 4616 ¹1)
650 4563 701 4601 oca
715 4541 794 4603 'deest
810 4565 854 4620 ep.
870 4547 908 4602 bl.
931 4573 970 4590 ,..
997 4547 1049 4618 Η)
1066 4555 1193 4634 Μαι·
1209 4546 1249 4602 Μ.
1372 4513 1377 4528 ’
