2858 5036
318 193 330 248 θ
357 201 598 277 cononum
626 190 915 278 eunnmnusn
1067 214 1074 226 ·
1169 207 1240 274 ot:
1307 250 1310 253 -
1388 180 1392 184 ’

45 381 233 464 episcopus
262 379 419 446 ecclcsiae
447 399 526 446 suae
551 381 583 445 in
609 401 673 466 qua
693 379 869 464 praesidet,
898 381 1052 444 derebus
1073 377 1141 443 suis
1162 381 1213 443 in-

43 477 177 530 ventus
201 468 294 530 fuerit
322 469 451 548 plurima
481 468 671 550 contulisse,
702 468 849 567 quidquid
877 469 988 529 amicis
1014 468 1082 530 suis
1109 467 1212 528 servis

45 563 110 616 aut
141 551 261 616 libertis
289 555 343 614 vel
371 555 559 635 quibuslibet
585 555 730 634 personis
756 553 797 616 de
825 553 983 616 ecclesiae
1012 572 1090 615 suae
1118 553 1212 614 rebus

46 647 241 720 compertus
276 637 368 700 fuerit
402 641 522 740 aliquid·
544 639 696 719 donasse,
732 635 761 700 si
786 637 908 719 triplum
937 646 992 700 aut
1017 639 1113 699 multo
1140 638 1213 718 plus

44 725 197 806 patuerit
211 723 384 805 essequod
402 726 588 807 conscripsit
608 727 640 786 in
660 720 784 786 domiue
804 723 963 786 ecclesiae
984 743 1073 805 suae,
1093 723 1212 784 firmum
1311 803 1317 808 ἣ

47 819 188 872 maneat
209 809 292 890 quod
314 808 508 872 distribuit
500 831 531 871 ιιι
562 810 705 890 personis
733 827 815 890 quse
835 816 1039 890 praenotatae
1059 815 1133 870 suut
1154 827 1213 868 su-

48 895 171 994 periuri
201 893 381 974 ordine1),
416 915 477 958 uec
501 895 607 957 licebit
634 893 831 957 succedenti
848 895 997 975 episeopo
1027 894 1136 974 prioris
1158 892 1213 954 sui

52 981 229 1079 irrumpere
250 979 453 1042 voluntatem.
486 979 554 1041 His
574 981 669 1044 etiem
690 981 719 1042 si
740 998 868 1042 causae
879 977 1119 1042 ecclesiasticae
1140 979 1213 1039 fue-

50 1059 120 1128 rint
150 1065 360 1145 commissae,
397 1074 431 1128 et
457 1063 593 1128 fideliter
618 1073 850 1147 prosequentes
877 1065 909 1126 ιιι
934 1066 1028 1128 rebus
1054 1061 1212 1126 ecclesiae

48 1149 232 1230 profectum
253 1148 314 1212 vrsi
342 1151 456 1213 fuerint
482 1141 604 1231 lacere,
631 1150 745 1213 laboris
766 1151 817 1212 sui
837 1159 1068 1230 consequantur
1087 1168 1213 1211 merce·

50 1235 150 1317 dem,
174 1236 219 1297 ita
242 1243 278 1296 ut
298 1235 337 1296 de
360 1255 398 1296 eo
420 1235 567 1318 quidquid
588 1235 804 1318 acquisierint,
827 1237 900 1317 quia
922 1243 1048 1297 constat
1070 1254 1127 1298 eos
1148 1255 1210 1298 non
1255 1294 1256 1297 ,

54 1322 128 1384 sine
159 1321 296 1382 utilitate
323 1321 481 1384 ecclesiae
509 1322 638 1420 negotia
666 1319 836 1384 commissa
860 1340 1013 1404 peragere
1028 1319 1079 1400 ²,)
1109 1320 1148 1382 de
1171 1339 1211 1382 eo

54 1405 210 1488 quidquid
237 1425 320 1469 cunr·
335 1406 398 1468 fide
425 1416 460 1469 et
486 1407 578 1468 bona
587 1405 759 1470 intentione
780 1405 825 1468 ed
842 1406 991 1480 effectum
1011 1406 1211 1486 perduxerint
1256 1483 1259 1486 η

28 1501 90 1552 ¹et
112 1490 194 1552 ud
180 1511 236 1571 Jus
264 1489 422 1555 ecclesiae
449 1513 506 1573 per
536 1510 594 1560 eos
620 1493 785 1555 reductum
797 1491 832 1570 8)
860 1493 1011 1572 patuerit,
1044 1491 1084 1552 de
1100 1489 1211 1554 mobili
1271 1503 1277 1512 ‘

53 1597 89 1638 re
113 1577 270 1650 decimum
292 1596 382 1638 suum
404 1585 596 1676 sequuntur,
616 1598 675 1658 pro
696 1557 844 1639 immobili
864 1578 903 1639 ab
924 1578 1075 1658 episcopo
1094 1596 1211 1657 repen-

54 1660 214 1724 sationem
221 1661 361 1742 diguam
384 1663 557 1743 accipiant,
585 1671 618 1724 et
644 1672 748 1724 tamen
774 1681 855 1743 quae
876 1663 1044 1726 meruerint
1068 1663 1127 1742 ipsi
1155 1671 1211 1724 aut

53 1749 230 1827 posteritas
250 1767 356 1809 eorum
377 1747 430 1808 rel
454 1750 565 1828 quibus
586 1748 691 1830 largiri
709 1747 880 1829 volueriut,
907 1745 1084 1828 perenniter
1102 1747 1212 1826 possi-
1272 1788 1275 1797 ·
1363 1735 1365 1746 ¹

55 1833 163 1893 deaut
207 1832 244 1893 Si
270 1833 340 1911 quis
368 1833 586 1912 episcoporum
605 1841 724 1895 contra
749 1831 843 1912 lruJ'us
869 1830 1047 1895 sententiae
1073 1829 1210 1894 ordinem

55 1935 161 1998 egeus
182 1917 348 2014 irrumpere
368 1918 502 1979 voluerit
523 1918 606 1998 quod
625 1919 707 1996 prior
728 1916 797 1997 ejus
817 1913 904 1998 lecit,
928 1916 961 1978 et
981 1936 1094 1980 rocem
1117 1918 1211 2000 amit-

56 2010 106 2064 tat
132 2009 167 2062 et
197 2002 369 2082 scriptume
399 2021 481 2083 quae
509 2003 595 2065 facta
622 2011 673 2062 est
703 2020 838 2082 poenam
869 1963 1054 2082 adimpleat,
1084 2003 1211 2081 insuper

57 2097 90 2148 et
113 2106 134 2147 a
161 2095 256 2148 coetu
282 2085 418 2150 fraterno
446 2085 738 2150 exconmuieotus
761 2095 888 2150 maneat
913 2093 950 2148 nt
977 2105 1136 2152 excessus
1159 2089 1209 2150 sui

56 2171 204 2233 emendet
225 2191 361 2234 causam.
400 2187 412 2224 t
1040 2204 1044 2210 »

56 2297 158 2360 XXII.
196 2297 341 2378 Qualiter
363 2301 630 2362 excommunicari
651 2305 774 2382 oportet
784 2297 820 2380 ⁴)
842 2302 897 2382 qui
917 2303 1048 2363 canonis
1069 2299 1209 2382 bejw)
1301 2331 1302 2336 ¹

384 2406 447 2448 nora
470 2387 657 2452 custodierit
677 2387 880 2448 sententiam

143 2462 237 2568 Quia
248 2469 379 2549 jurante
406 2490 465 2533 nos
493 2470 598 2532 divina
626 2473 728 2553 gratia
749 2490 788 2532 ea
808 2473 839 2531 in
859 2472 921 2534 hoo
942 2478 1054 2531 sancto
1077 2468 1208 2531 concilio

58 2551 239 2636 peregimus
266 2574 346 2636 quae
375 2555 413 2616 ud
444 2556 659 2618 rectitudinem
686 2552 897 2617 ecclesiastici
919 2555 1037 2615 ordinis
1054 2562 1128 2614 snut
1116 2554 1210 2614 t-de

59 2639 170 2720 bit'a,
152 2659 192 2700 ιιι
214 2640 367 2720 aliquibus
387 2641 554 2702 sententiis
575 2633 708 2702 cavendi
728 2638 883 2710 modum
873 2637 1086 2719 imposuimus,
1107 2639 1209 2718 aliqua

20 2723 24 2729 ’
60 2729 166 2785 tamen
175 2726 279 2806 ,quia
300 2724 451 2807 singulari
472 2725 578 2798 ordine
599 2745 661 2786 non
681 2734 812 2787 manent
831 2725 1018 2804 constricto,
1039 2743 1097 2804 per
1115 2723 1210 2804 hujus

61 2770 240 2871 sentenliee
272 2810 432 2873 decretum
464 2811 677 2892 instituimus,
712 2808 795 2892 quod
827 2813 961 2908 quisque
992 2808 1210 2890 episcoporum

57 2896 109 2955 uel
137 2897 387 2976 presbyterorum
409 2905 517 2978 atque
523 2895 657 2958 inferiori
678 2897 777 2978 gradu
799 2893 963 2958 currstituti
983 2895 1119 2958 debeant
1139 2915 1214 2958 rue-1

59 2989 155 3041 tuere.
188 2979 350 3062 Quisquis
356 2981 455 3062 huJus.
465 3000 636 3044 canonicae
654 2983 785 3062 regulae
801 2981 944 3044 instituta
960 2999 1088 3043 servare
1105 2982 1210 3044 distu-

59 3066 137 3143 lerit,
160 3065 328 3166 quamlibet
349 3063 447 3148 major
468 3085 542 3130 esse
563 3067 715 3147 videatur,
736 3065 883 3130 mediocri
892 3064 979 3130 »ver'o
1002 3076 1055 3129 aut
1075 3065 1231 3130 inferiori

59 3150 158 3231 gradu
189 3169 265 3212 cous
267 3153 392 3214 titutum
421 3172 458 3214 se
477 3171 561 3213 csse
590 3153 805 3234 perspexerit,
836 3161 871 3214 ut
899 3171 997 3216 cause
1023 3155 1209 3235 permiserit,
1229 3173 1233 3179 ·

60 3255 79 3295 a
99 3235 337 3334 metropolitano
359 3237 508 3318 episcopo
531 3255 600 3299 cum
622 3239 689 3298 suis
710 3237 926 3320 confinitimis,
955 3239 1007 3320 qui
1034 3259 1128 3320 supra
1148 3259 1209 3300 no·
1231 3231 1235 3238 ’

59 3329 158 3380 tutum
180 3309 403 3384 sententiarum
425 3323 561 3386 ordinem
584 3331 656 3385 cust
644 3321 806 3406 todierint,
831 3321 861 3384 is
882 3323 935 3420 qui
956 3341 1083 3386 seruare
1105 3325 1209 3386 distu-

59 3406 142 3486 lerit,
173 3410 476 3512 excommunicatum
497 3427 534 3471 se
556 3368 806 3470 evidentissime
813 3409 944 3468 noverit.

307 3537 422 3600 XXlll.
469 3509 674 3620 Confirmatio
700 3534 793 3628 liujus
820 3535 959 3597 concilii.

140 3619 313 3698 Postquam
340 3621 414 3682 fidei
442 3631 568 3683 nostrae
598 3617 802 3698 exposuimus
829 3619 1043 3682 credulitatem
1071 3629 1105 3681 et
1126 3639 1207 3701 quae

59 3705 239 3764 necessaria
267 3708 455 3786 extitemnt,
487 3714 522 3766 ut
548 3702 722 3785 potuimus,
756 3701 949 3786 digessimus
976 3725 1033 3804 per
1059 3705 1206 3801 ordinem,
1242 3768 1247 3778 .

59 3789 188 3848 creatori
208 3799 314 3850 nostro
337 3799 370 3852 et
392 3791 530 3869 domiuo,
552 3809 644 3871 quem
667 3788 824 3852 oredimus
845 3793 958 3852 trinum
979 3791 1010 3875 iu
1030 3788 1151 3856 unitate
1173 3803 1206 3856 et

58 3889 240 3937 veneremur
254 3894 349 3936 unum
364 3877 395 3936 iu
410 3877 563 3956 trinitate,
583 3877 663 3954 petri
683 3885 718 3938 et
730 3875 794 3938 filio
809 3884 842 3938 et
855 3877 976 3955 spiritui
990 3886 1101 3940 sancto
1116 3875 1208 3942 debi-
1247 3869 1250 3876 ’

58 3964 107 4018 tas
127 3959 336 4038 persolrimus
355 3961 475 4043 laudes,
494 3971 601 4024 tautae
621 3959 798 4040 majestatis
813 3960 1025 4042 glorificantes
1036 3961 1070 4042 ι)
1084 3983 1214 4044 nomeu,

9 4057 14 4068 ’
58 4042 107 4122 qui
129 4043 277 4124 dignatus
300 4055 351 4107 est
373 4047 463 4108 nobis
489 4045 682 4108 rectitudinis
703 4046 788 4107 viam
810 4045 997 4130 ostendere3
1027 4067 1065 4112 ao
1094 4049 1206 4112 deinde

63 4126 260 4190 serenissimo
278 4139 378 4212 atque
399 4130 540 4211 piissimo
552 4130 585 4209 e)
603 4129 774 4191 ortlrodoxo
788 4130 867 4211 viro,
887 4093 1128 4196 clemelrtissimo
1147 4133 1207 4194 do-

58 4213 136 4273 miuo
162 4223 270 4276 nostro
282 4215 315 4293 ⁸)
343 4216 578 4280 Reocesvintlro
601 4211 669 4298 regi
690 4215 812 4298 gratiae
833 4215 1054 4297 impendimus¹
1060 4235 1151 4298 opem
1161 4218 1205 4300 ι),

59 4335 252 4352 m

98 4395 126 4462 1)
145 4413 210 4456 quae
226 4406 326 4451 normae
342 4408 401 4452 suut
417 4418 464 4462 per
481 4409 593 4452 cremera
609 4401 647 4456 Μ.
687 4429 723 4442 -·
765 4400 795 4470 2)
812 4419 887 4468 poreq
888 4411 938 4454 tara
955 4403 991 4454 M.
1033 4431 1068 4442 —-
1116 4403 1145 4470 ³)
1162 4422 1207 4457 re-

123 4473 221 4516 ductum
243 4467 281 4519 M.
334 4495 368 4506 -
427 4473 457 4532 4)
482 4480 594 4533 (ἥψησα)
617 4471 654 4521 Μ
706 4501 742 4512 ..
772 4507 776 4514 ,
802 4471 831 4539 ι)
847 4479 924 4535 Mn,
946 4471 1081 4538 deestap
1098 4471 1136 4524 M·
1170 4501 1206 4514 ,-
1261 4453 1274 4470 ⁸
1302 4499 1304 4504 .

98 4533 126 4597 ι)
145 4537 412 4590 collaudanteslnru
430 4539 467 4593 M.
508 4571 543 4581 --
593 4543 621 4610 ι)
640 4539 746 4594 etadd
760 4540 797 4594 M.
832 4570 867 4604 ·.·
916 4543 1218 4606 ⁸)rrostru·.om.aM

98 4601 125 4668 ⁹)
143 4621 228 4657 aoawu
245 4607 274 4660 iu
291 4624 325 4658 ιιι.
342 4607 379 4660 M.
409 4639 444 4649 -
