2874 5044
357 271 600 353 eonenrmr
620 213 914 343 onncnnnnsu
935 273 974 338 u
1057 255 1058 263 ‘
1200 272 1244 338 sa

139 417 142 432 ’
191 445 310 518 xnrv.
355 441 395 510 sr
415 447 626 514 marasan
646 447 818 519 emaum
838 447 1126 518 damnosas..
1188 461 1194 468 ·

168 535 206 600 Si
241 529 453 597 subdiaconus
487 535 661 600 secundam
688 535 813 618 duxerit
840 552 968 600 uxorem
995 535 1076 596 inter
1101 533 1239 596 lectores

76 619 135 684 vel
162 619 310 706 ostiarios
338 619 509 726 habeatur,
538 621 583 682 ita
609 629 646 682 ut
672 620 848 703 apostolum
874 637 937 684 non
962 619 1179 768 legatimtett,
1197 701 1241 764 ω

219 787 320 854 ΧΙΝ.
367 787 410 856 Ui
430 809 495 852 non
516 770 670 853 ascendat
691 791 726 854 in
740 757 904 875 pulpitum
925 787 1026 853 lector
1038 786 1079 868 ¹).

167 874 243 938 Non
262 876 357 937 liceat
377 875 408 936 in
430 877 550 957 pulpita
572 877 708 957 psallere
729 885 784 940 aut
806 879 935 960 legere5
951 877 1012 938 nisi
1032 873 1086 956 qui
1106 891 1127 935 a
1147 889 1240 956 pres·
1348 941 1349 946 .

81 957 200 1044 bytero
219 961 355 1025 lectores
374 971 449 1024 sunt
471 961 603 1024 ordinati
617 957 661 1042 ²)
1044 960 1160 1020 (marc.
1181 959 1239 1023 ¹⁶3

125 1087 240 1151 XLVI.
288 1086 341 1153 De
372 1087 641 1153 conditionalibus
653 1085 691 1169 8)
720 1109 785 1154 non
813 1089 1000 1154 ordinandis
1028 1089 1096 1154 nisi
1125 1107 1197 1152 aaran

463 1194 617 1238 cannense
639 1182 858 1258 patronorum.
1002 1187 1006 1194 '

169 1255 217 1320 Si
236 1257 307 1339 quis
336 1257 495 1343 obligatus
509 1259 545 1340 4)
573 1261 687 1324 tributo
713 1263 820 1324 servili
848 1262 901 1324 tel
929 1261 1034 1343 aliqua
1060 1257 1238 1326 conditione

78 1344 255 1426 patrocinio
271 1343 306 1422 ὅ)
338 1343 509 1426 cujuslibet
542 1345 672 1428 domus,
703 1366 766 1422 non
796 1355 848 1408 est
877 1345 1065 1408 ordinandus
1094 1345 1239 1426 clericus,

78 1427 145 1494 nisi
163 1431 316 1513 probatae
331 1429 366 1511 ο)
387 1433 475 1494 vitae
495 1433 589 1496 fuerit
610 1441 644 1494 et
662 1434 785 1514 patroni
805 1451 981 1498 concessus
997 1431 1031 1516 ²)
1053 1427 1247 1510 accesserit.—

1022 1519 1116 1580 (mrer.
1130 1520 1159 1580 n,
1181 1517 1238 1579 ro.)
1310 1591 1314 1596 ,

122 1601 256 1670 XLVII.
304 1600 356 1665 De
384 1622 449 1667 non
475 1601 687 1686 suscipiendis
714 1605 815 1667 saraia
841 1601 957 1668 alienis
987 1603 1023 1665 in
1052 1601 1135 1666 clero
1150 1598 1195 1682 ⁸).

167 1687 289 1768 Siquis
310 1707 436 1750 servum
455 1689 589 1752 alienum
610 1693 709 1754 causa
728 1689 888 1773 religionis
902 1688 1019 1751 doceat
1036 1697 1238 1752 contemnere

79 1769 243 1840 dominnm
268 1791 360 1836 suum
387 1782 420 1839 et
440 1774 593 1842 recedere
616 1776 785 1843 aservitio
806 1772 896 1858 ejus,
926 1774 1092 1838 durissime
1112 1773 1145 1834 in
1166 1791 1239 1834 om·
1265 1805 1269 1814 ι

77 1859 172 1922 nibus
194 1867 354 1942 arguatur..
447 1935 448 1940 ἵ
735 1925 737 1930 ,
1022 1876 1177 1938 (mens.
1194 1876 1237 1952 ap
1270 1877 1272 1888 ·

143 1983 289 2052 xlivrn.
329 1986 382 2052 De
401 2006 466 2054 non
488 1988 683 2052 celebrandis
702 1986 867 2051 natalitiis
881 1985 917 2068 ο)
942 1992 1115 2071 martyram
1136 1987 1172 2048 in

531 2075 786 2158 quadragesima.

168 2157 242 2222 Non
266 2158 364 2223 liccat
390 2159 423 2221 in
451 2158 840 2243 quadragesima'natales
867 2166 1036 2242 martyrum
1066 2157 1237 2240 celebrare,

80 2241 142 2306 sed
170 2252 290 2306 tentum
318 2244 450 2307 sabbato
480 2255 515 2310 et
542 2245 696 2310 dominico
723 2265 779 2330 pro
807 2245 1100 2310 commemoratione
1128 2245 1236 2308 aarum

80 2331 256 2394 oblationes
277 2329 398 2413 offerri;
432 2330 491 2392 se'd
512 2349 572 2395 nec
593 2331 734 2396 natalitia
753 2352 815 2403 nec
837 2331 963 2414 nuptias
984 2332 1079 2396 liceat
1099 2332 1132 2396 in
1153 2348 1236 2412 qua-

80 2415 261 2498 dragesima
280 2412 430 2479 celebrari
445 2414 509 2495 ¹⁰).
979 2437 1094 2496 (naoarc.
1113 2439 1155 2485 ar.
1175 2435 1237 2502 aa.)

99 2543 216 2610 XLIX.
245 2536 320 2608 Non
341 2543 461 2625 suscipi
475 2543 587 2607 debere
606 2546 751 2624 infantes
773 2545 818 2610 ad
838 2546 1028 2628 baptismum
1048 2545 1116 2608 aiei
1136 2553 1215 2610 ante

431 2635 496 2694 tres
517 2630 712 2714 septimanas
729 2631 883 2712 paschae.

114 2779 118 2785 ,
165 2713 241 2776 Non
269 2714 365 2778 liceat
392 2723 467 2778 ante
496 2715 575 2778 duas
601 2715 796 2795 septimanas
824 2715 965 2796 paschae
992 2711 1053 2780 sed
1073 2720 1149 2776 ante
1168 2721 1235 2776 tres

81 2799 123 2864 ad
158 2799 347 2882 baptismum
378 2801 541 2882 suscipere
574 2801 728 2886 aliquem3
764 2809 887 2884 oportet
914 2809 1023 2864 autom
1053 2800 1086 2862 in
1111 2799 1162 2878 bis
1178 2797 1234 2878 ¹¹)

79 2885 194 2950 diebus
232 2893 270 2948 ut
311 2886 345 2948 hi
382 2887 436 2968 qui
474 2885 653 2968 baptizandi
690 2896 765 2950 suut
806 2888 981 2972 symbolum
1025 2885 1151 2950 discant
1200 2893 1234 2962 et

79 2968 190 3055 quinta
209 2971 286 3036 feria
305 2967 497 3036 novissimae
518 2971 714 3055 septimanae
736 2974 886 3058 episcopo
902 2972 957 3057 12)
975 2973 1028 3034 vel
1047 2971 1233 3054 presbytera

77 3057 220 3124 reddant.
978 3061 1095 3120 (wiw-
1111 3062 1156 3111 ⁴⁶·
1174 3059 1234 3122 ὀᾶ]
1264 3062 1267 3075 ’

197 3143 234 3209 11.
265 3142 318 3208 De
337 3162 402 3206 non
421 3139 569 3206 solvendo
581 3142 710 3224 jerp'nnio
731 3143 845 3230 quinta
858 3143 950 3228 seria
964 3143 1118 3232 parabas.

167 3245 241 3310 an
258 3245 356 3309 bceat
371 3245 479 3326 quinta
492 3243 545 3324 18)
560 3245 637 3308 feria
656 3229 848 3310 novissimae
868 3245 1063 3328 septimanae
1080 3243 1233 3326 jejunium

79 3331 207 3398 solvere
240 3339 274 3393 et
305 3349 429 3394 omnem
460 3329 651 3393 exhonorare
686 3330 978 3412 quadragesimam,
1016 3329 1075 3394 sed
1109 3331 1233 3408 sincere

79 3417 281 3482 abstinentes
301 3412 401 3480 totam
423 3413 692 3500 quadragesimam
713 3417 856 3497 perexire
871 3415 926 3498 ¹⁴)
953 3415 1133 3502 aridioribus
1154 3415 1233 3476 cibis

79 3509 219 3566 utentes.
943 3557 950 3565 ,
1039 3502 1155 3562 (nanae.
1173 3501 1234 3562 ⁶⁰)

165 3581 182 3614 ⁰
335 3586 387 3650 m.
428 3584 481 3648 De
507 3586 677 3652 chrismate
704 3586 897 3670 conficiendo
913 3584 978 3668 ¹³).

167 3683 261 3750 Omni
289 3694 430 3772 tempore
457 3680 617 3770 episcopis
643 3691 740 3751 liceat
766 3687 901 3752 chrisma
928 3687 1085 3753 conficere
1115 3693 1150 3749 et
1176 3703 1233 3768 per

79 3789 160 3837 suas
186 3771 355 3836 dioeceses
380 3773 555 3858 destinare,
584 3776 628 3836 ita
654 3769 690 3840 ut
718 3773 759 3836 nd
786 3773 980 3858 dirigendum
1006 3771 1234 3837 chrismariis-

79 3875 183 3922 conus
204 3865 259 3919 aut
278 3857 489 3940 subdiaconus
510 3868 584 3923 anta
604 3859 687 3923 diem
705 3861 847 3944 paschae
868 3859 908 3927 de
929 3860 1063 3946 singulis
1084 3857 1232 3922 ecclesiia

79 3935 124 4008 ad
145 3942 328 4028 episcopum
349 3945 552 4008 destinentur.
1018 3949 1154 4008 (anteat,
1173 3947 1233 4010 aa.)

79 4103 286 4123 m

123 4179 155 4250 ¹)
171 4187 226 4231 nist
239 4188 319 4234 tector
332 4167 372 4234 M.
413 4207 467 4246 ··.
496 4184 526 4252 ἱ)
545 4191 587 4246 aut
604 4190 634 4234 ab
652 4189 766 4244 episcopo
784 4186 862 4233 tector
880 4189 918 4250 eat
936 4191 1067 4239 ordinatas
1083 4183 1120 4236 Μ.
1142 4205 1179 4222 -·
1201 4187 1233 4233 ab

150 4259 267 4313 mecona
291 4251 335 4302 AE.
361 4253 417 4303 BR.
441 4247 552 4305 Τ.1.2.
575 4253 607 4306 U.
653 4276 691 4289 -
744 4251 774 4318 ³)
797 4257 836 4302 ne
859 4253 898 4303 nti
921 4263 962 4313 aar
984 4263 1071 4308 servm
1094 4259 1234 4303 cauernae.

144 4327 293 4384 oblinantur
310 4321 337 4372 in
355 4338 389 4373 rn.
409 4321 446 4373 Μ.
480 4346 517 4360 -
558 4321 588 4389 ⁴)
606 4329 644 4373 est
661 4321 722 4372 add.
739 4319 768 4371 in
786 4337 820 4372 m.
837 4319 876 4372 M.
906 4321 943 4364 ’-
979 4325 1008 4393 b)
1026 4331 1065 4377 aei
1080 4329 1175 4384 patroc.
1193 4321 1232 4374 M.

124 4390 319 4459 ⁸)probanaaa
335 4392 372 4444 M.
412 4415 449 4433 -·
497 4391 527 4461 i)
544 4408 678 4444 comenses
695 4391 764 4443 Ε.3.
782 4391 831 4453 U..
854 4391 926 4445 etin
943 4411 978 4446 nr.
997 4395 1035 4445 Μ.
1074 4415 1111 4432 --
1158 4391 1273 4459 ψη,

153 4467 221 4512 atera
245 4461 320 4514 deest
337 4478 378 4530 ap.
395 4460 432 4513 M.
472 4483 509 4500 --
557 4463 586 4529 ο)
603 4468 728 4514 natatibus
749 4461 786 4513 M.
826 4487 862 4500 -
908 4462 957 4531 1⁰)
976 4469 1102 4516 celebrare
1124 4461 1163 4514 M.
1196 4486 1233 4501 -

102 4528 282 4597 ¹¹)rnrprn
297 4532 335 4584 Μ.
377 4555 414 4570 -·
460 4531 510 4598 Η)
528 4539 574 4582 tac
591 4541 703 4594 epmcope
726 4529 754 4583 in
771 4547 805 4583 nr.
821 4531 860 4583 M.
904 4559 941 4572 -
994 4533 1043 4600 ¹³)
1061 4541 1087 4584 tn
1104 4539 1189 4593 quinta
1205 4529 1234 4583 in

152 4617 187 4652 rn.
204 4601 241 4652 M.
277 4628 313 4640 -
345 4601 394 4666 Η)
412 4619 531 4664 parspere
547 4601 576 4652 in
592 4601 682 4654 mM.
702 4601 857 4654 -Verbar
879 4609 943 4655 add.
962 4601 1235 4656 esnaeistarum

154 4686 198 4740 ap.
217 4670 261 4724 M.
287 4701 328 4712 -
365 4672 413 4739 Η’)
430 4679 469 4723 De
486 4680 592 4724 ebruna
609 4676 760 4738 conficienda
777 4671 815 4725 M.
849 4699 884 4711 ·-·
