<?xml version="1.0" encoding="UTF-8"?>
<!DOCTYPE html PUBLIC "-//W3C//DTD XHTML 1.0 Transitional//EN"
    "http://www.w3.org/TR/xhtml1/DTD/xhtml1-transitional.dtd">
<html xmlns="http://www.w3.org/1999/xhtml" xml:lang="en" lang="en">
 <head>
  <title>
</title>
<meta http-equiv="Content-Type" content="text/html;charset=utf-8" />
  <meta name='ocr-system' content='tesseract 3.04.00' />
  <meta name='ocr-capabilities' content='ocr_page ocr_carea ocr_par ocr_line ocrx_word'/>
</head>
<body>
  <div class='ocr_page' id='page_1' title='image "./canonesapostolo01brungoog_0308.png"; bbox 0 0 2864 5042; ppageno 0'>
   <div class='ocr_carea' id='block_1_1' title="bbox 198 247 1015 316">
    <p class='ocr_par' dir='ltr' id='par_1_1' title="bbox 198 247 1015 316">
     <span class='ocr_line' id='line_1_1' title="bbox 198 247 1015 316; baseline 0 -2"><span class='ocrx_word' id='word_1_1' title='bbox 198 251 262 314; x_wconf 75' lang='lat' dir='ltr'><strong>ast</strong></span> <span class='ocrx_word' id='word_1_2' title='bbox 528 248 768 314; x_wconf 55' lang='lat' dir='ltr'><strong>concitatum</strong></span> <span class='ocrx_word' id='word_1_3' title='bbox 795 247 1015 316; x_wconf 77' lang='lat' dir='ltr'><strong>ROMANUM</strong></span> 
     </span>
    </p>
   </div>
   <div class='ocr_carea' id='block_1_2' title="bbox 117 419 1420 4228">
    <p class='ocr_par' dir='ltr' id='par_1_2' title="bbox 117 419 1420 4228">
     <span class='ocr_line' id='line_1_2' title="bbox 200 419 1378 503; baseline -0.002 -19"><span class='ocrx_word' id='word_1_4' title='bbox 200 420 361 500; x_wconf 81' lang='lat' dir='ltr'><strong>Hispaniis</strong></span> <span class='ocrx_word' id='word_1_5' title='bbox 388 421 533 500; x_wconf 85' lang='lat' dir='ltr'><strong>epistolis</strong></span> <span class='ocrx_word' id='word_1_6' title='bbox 560 422 621 484; x_wconf 85' lang='lat' dir='ltr'><strong>sub</strong></span> <span class='ocrx_word' id='word_1_7' title='bbox 646 431 733 484; x_wconf 87' lang='lat' dir='ltr'><strong>certa</strong></span> <span class='ocrx_word' id='word_1_8' title='bbox 754 421 903 484; x_wconf 75' lang='lat' dir='ltr'><strong>relatione</strong></span> <span class='ocrx_word' id='word_1_9' title='bbox 925 420 1085 503; x_wconf 86' lang='lat' dir='ltr'><strong>pervenit,</strong></span> <span class='ocrx_word' id='word_1_10' title='bbox 1113 419 1144 482; x_wconf 89' lang='grc' dir='ltr'><strong>ιι</strong></span> <span class='ocrx_word' id='word_1_11' title='bbox 1167 419 1378 502; x_wconf 80' lang='lat' dir='ltr'><strong>quibusdam</strong></span> 
     </span>
     <span class='ocr_line' id='line_1_3' title="bbox 201 505 1380 588; baseline 0 -21"><span class='ocrx_word' id='word_1_12' title='bbox 201 507 279 569; x_wconf 88' lang='lat' dir='ltr'><strong>locis</strong></span> <span class='ocrx_word' id='word_1_13' title='bbox 305 507 547 586; x_wconf 69' lang='lat' dir='ltr'><strong>perversitatum</strong></span> <span class='ocrx_word' id='word_1_14' title='bbox 576 507 699 570; x_wconf 89' lang='lat' dir='ltr'><strong>semina</strong></span> <span class='ocrx_word' id='word_1_15' title='bbox 724 505 856 569; x_wconf 77' lang='lat' dir='ltr'><strong>subinde</strong></span> <span class='ocrx_word' id='word_1_16' title='bbox 885 516 1073 588; x_wconf 81' lang='lat' dir='ltr'><strong>nascuntur3</strong></span> <span class='ocrx_word' id='word_1_17' title='bbox 1107 505 1254 586; x_wconf 84' lang='lat' dir='ltr'><strong>denique</strong></span> <span class='ocrx_word' id='word_1_18' title='bbox 1291 525 1380 567; x_wconf 81' lang='lat' dir='ltr'><strong>non-</strong></span> 
     </span>
     <span class='ocr_line' id='line_1_4' title="bbox 200 589 1377 674; baseline -0.003 -20"><span class='ocrx_word' id='word_1_19' title='bbox 200 591 275 654; x_wconf 87' lang='lat' dir='ltr'><strong>nulli</strong></span> <span class='ocrx_word' id='word_1_20' title='bbox 294 593 526 672; x_wconf 86' lang='lat' dir='ltr'><strong>episcopatum,</strong></span> <span class='ocrx_word' id='word_1_21' title='bbox 556 590 610 674; x_wconf 88' lang='lat' dir='ltr'><strong>qui</strong></span> <span class='ocrx_word' id='word_1_22' title='bbox 628 593 749 656; x_wconf 83' lang='lat' dir='ltr'><strong>nonnisi</strong></span> <span class='ocrx_word' id='word_1_23' title='bbox 742 589 801 670; x_wconf 92' lang='lat' dir='ltr'><strong>&#39;¹J</strong></span> <span class='ocrx_word' id='word_1_24' title='bbox 828 593 945 654; x_wconf 88' lang='lat' dir='ltr'><strong>meritis</strong></span> <span class='ocrx_word' id='word_1_25' title='bbox 967 591 1234 672; x_wconf 75' lang='lat' dir='ltr'><strong>praecedentibus</strong></span> <span class='ocrx_word' id='word_1_26' title='bbox 1264 591 1377 671; x_wconf 81' lang='lat' dir='ltr'><strong>datur,</strong></span> 
     </span>
     <span class='ocr_line' id='line_1_5' title="bbox 199 673 1376 758; baseline -0.003 -18"><span class='ocrx_word' id='word_1_27' title='bbox 199 695 262 740; x_wconf 84' lang='lat' dir='ltr'><strong>nou</strong></span> <span class='ocrx_word' id='word_1_28' title='bbox 283 674 420 740; x_wconf 87' lang='lat' dir='ltr'><strong>divinum</strong></span> <span class='ocrx_word' id='word_1_29' title='bbox 440 695 554 740; x_wconf 91' lang='lat' dir='ltr'><strong>munus</strong></span> <span class='ocrx_word' id='word_1_30' title='bbox 574 677 631 741; x_wconf 93' lang='lat' dir='ltr'><strong>sed</strong></span> <span class='ocrx_word' id='word_1_31' title='bbox 653 677 889 740; x_wconf 87' lang='lat' dir='ltr'><strong>haereditarium</strong></span> <span class='ocrx_word' id='word_1_32' title='bbox 906 687 1018 758; x_wconf 89' lang='lat' dir='ltr'><strong>putant</strong></span> <span class='ocrx_word' id='word_1_33' title='bbox 1033 697 1108 739; x_wconf 89' lang='lat' dir='ltr'><strong>esse</strong></span> <span class='ocrx_word' id='word_1_34' title='bbox 1122 673 1376 756; x_wconf 76' lang='lat' dir='ltr'><strong>compendium,</strong></span> 
     </span>
     <span class='ocr_line' id='line_1_6' title="bbox 200 761 1375 845; baseline 0 -21"><span class='ocrx_word' id='word_1_35' title='bbox 200 771 234 824; x_wconf 88' lang='lat' dir='ltr'><strong>et</strong></span> <span class='ocrx_word' id='word_1_36' title='bbox 255 761 388 825; x_wconf 89' lang='lat' dir='ltr'><strong>credunt</strong></span> <span class='ocrx_word' id='word_1_37' title='bbox 407 763 492 826; x_wconf 88' lang='lat' dir='ltr'><strong>sicut</strong></span> <span class='ocrx_word' id='word_1_38' title='bbox 511 781 563 826; x_wconf 91' lang='lat' dir='ltr'><strong>res</strong></span> <span class='ocrx_word' id='word_1_39' title='bbox 585 762 724 827; x_wconf 87' lang='lat' dir='ltr'><strong>caducas</strong></span> <span class='ocrx_word' id='word_1_40' title='bbox 753 771 848 844; x_wconf 89' lang='lat' dir='ltr'><strong>atque</strong></span> <span class='ocrx_word' id='word_1_41' title='bbox 876 765 1038 845; x_wconf 85' lang='lat' dir='ltr'><strong>mortales,</strong></span> <span class='ocrx_word' id='word_1_42' title='bbox 1065 761 1110 825; x_wconf 88' lang='lat' dir='ltr'><strong>ita</strong></span> <span class='ocrx_word' id='word_1_43' title='bbox 1138 761 1375 824; x_wconf 84' lang='lat' dir='ltr'><strong>sacerdotium</strong></span> 
     </span>
     <span class='ocr_line' id='line_1_7' title="bbox 200 847 1376 944; baseline -0.001 -33"><span class='ocrx_word' id='word_1_44' title='bbox 200 848 290 911; x_wconf 86' lang='lat' dir='ltr'><strong>velut</strong></span> <span class='ocrx_word' id='word_1_45' title='bbox 314 848 410 932; x_wconf 79' lang='lat' dir='ltr'><strong>legali</strong></span> <span class='ocrx_word' id='word_1_46' title='bbox 424 847 460 927; x_wconf 89' lang='lat'><strong>¹)</strong></span> <span class='ocrx_word' id='word_1_47' title='bbox 488 857 543 911; x_wconf 84' lang='lat' dir='ltr'><strong>aut</strong></span> <span class='ocrx_word' id='word_1_48' title='bbox 570 850 806 912; x_wconf 82' lang='lat' dir='ltr'><strong>testamentario</strong></span> <span class='ocrx_word' id='word_1_49' title='bbox 821 847 896 926; x_wconf 84' lang='lat'><strong>¹)</strong></span> <span class='ocrx_word' id='word_1_50' title='bbox 884 867 953 928; x_wconf 84' lang='lat' dir='ltr'><strong>Jure</strong></span> <span class='ocrx_word' id='word_1_51' title='bbox 985 867 1081 944; x_wconf 84' lang='lat' dir='ltr'><strong>pesse</strong></span> <span class='ocrx_word' id='word_1_52' title='bbox 1112 848 1223 926; x_wconf 81' lang='lat' dir='ltr'><strong>(limiti</strong></span> <span class='ocrx_word' id='word_1_53' title='bbox 1284 851 1376 910; x_wconf 86' lang='lat' dir='ltr'><strong>Nam</strong></span> 
     </span>
     <span class='ocr_line' id='line_1_8' title="bbox 200 931 1374 1016; baseline 0 -20"><span class='ocrx_word' id='word_1_54' title='bbox 200 934 341 1016; x_wconf 88' lang='lat' dir='ltr'><strong>plerique</strong></span> <span class='ocrx_word' id='word_1_55' title='bbox 363 933 576 996; x_wconf 87' lang='lat' dir='ltr'><strong>sacerdotes</strong></span> <span class='ocrx_word' id='word_1_56' title='bbox 568 955 599 995; x_wconf 88' lang='grc' dir='ltr'><strong>ιι</strong></span> <span class='ocrx_word' id='word_1_57' title='bbox 621 936 728 996; x_wconf 86' lang='lat' dir='ltr'><strong>mortis</strong></span> <span class='ocrx_word' id='word_1_58' title='bbox 750 931 882 995; x_wconf 88' lang='lat' dir='ltr'><strong>confinio</strong></span> <span class='ocrx_word' id='word_1_59' title='bbox 904 931 1075 1015; x_wconf 84' lang='lat' dir='ltr'><strong>constituti,</strong></span> <span class='ocrx_word' id='word_1_60' title='bbox 1097 933 1253 994; x_wconf 88' lang='lat' dir='ltr'><strong>inlocum</strong></span> <span class='ocrx_word' id='word_1_61' title='bbox 1273 953 1374 996; x_wconf 87' lang='lat' dir='ltr'><strong>suum</strong></span> 
     </span>
     <span class='ocr_line' id='line_1_9' title="bbox 201 1016 1372 1104; baseline -0.005 -20"><span class='ocrx_word' id='word_1_62' title='bbox 201 1021 339 1084; x_wconf 75' lang='lat' dir='ltr'><strong>feruntur</strong></span> <span class='ocrx_word' id='word_1_63' title='bbox 359 1020 438 1081; x_wconf 87' lang='lat' dir='ltr'><strong>alios</strong></span> <span class='ocrx_word' id='word_1_64' title='bbox 458 1017 633 1102; x_wconf 81' lang='lat' dir='ltr'><strong>designatis</strong></span> <span class='ocrx_word' id='word_1_65' title='bbox 654 1020 827 1081; x_wconf 88' lang='lat' dir='ltr'><strong>nominibus</strong></span> <span class='ocrx_word' id='word_1_66' title='bbox 855 1020 1042 1104; x_wconf 83' lang='lat' dir='ltr'><strong>subrogare,</strong></span> <span class='ocrx_word' id='word_1_67' title='bbox 1074 1027 1109 1080; x_wconf 89' lang='lat' dir='ltr'><strong>ut</strong></span> <span class='ocrx_word' id='word_1_68' title='bbox 1136 1016 1276 1082; x_wconf 80' lang='lat' dir='ltr'><strong>sedicet</strong></span> <span class='ocrx_word' id='word_1_69' title='bbox 1304 1039 1372 1080; x_wconf 89' lang='lat' dir='ltr'><strong>non</strong></span> 
     </span>
     <span class='ocr_line' id='line_1_10' title="bbox 202 1103 1367 1188; baseline -0.003 -20"><span class='ocrx_word' id='word_1_70' title='bbox 202 1107 342 1188; x_wconf 82' lang='lat' dir='ltr'><strong>legitima</strong></span> <span class='ocrx_word' id='word_1_71' title='bbox 357 1114 561 1187; x_wconf 84' lang='lat' dir='ltr'><strong>exspectetur</strong></span> <span class='ocrx_word' id='word_1_72' title='bbox 576 1106 699 1185; x_wconf 88' lang='lat' dir='ltr'><strong>electio,</strong></span> <span class='ocrx_word' id='word_1_73' title='bbox 721 1103 779 1166; x_wconf 87' lang='lat' dir='ltr'><strong>sed</strong></span> <span class='ocrx_word' id='word_1_74' title='bbox 802 1104 939 1166; x_wconf 79' lang='lat' dir='ltr'><strong>defuncti</strong></span> <span class='ocrx_word' id='word_1_75' title='bbox 961 1104 1149 1187; x_wconf 78' lang='lat' dir='ltr'><strong>gratificatio</strong></span> <span class='ocrx_word' id='word_1_76' title='bbox 1168 1123 1228 1184; x_wconf 90' lang='lat' dir='ltr'><strong>pro</strong></span> <span class='ocrx_word' id='word_1_77' title='bbox 1254 1123 1297 1186; x_wconf 91' lang='lat' dir='ltr'><strong>po</strong></span> <span class='ocrx_word' id='word_1_78' title='bbox 1322 1105 1367 1164; x_wconf 91' lang='lat' dir='ltr'><strong>uli</strong></span> 
     </span>
     <span class='ocr_line' id='line_1_11' title="bbox 201 1188 1287 1272; baseline -0.005 -17"><span class='ocrx_word' id='word_1_79' title='bbox 201 1191 353 1255; x_wconf 86' lang='lat' dir='ltr'><strong>habeatur</strong></span> <span class='ocrx_word' id='word_1_80' title='bbox 365 1189 399 1267; x_wconf 86' lang='lat'><strong>⁴)</strong></span> <span class='ocrx_word' id='word_1_81' title='bbox 428 1209 582 1254; x_wconf 90' lang='lat' dir='ltr'><strong>assensu·</strong></span> <span class='ocrx_word' id='word_1_82' title='bbox 611 1190 808 1272; x_wconf 84' lang='lat' dir='ltr'><strong>quodquam</strong></span> <span class='ocrx_word' id='word_1_83' title='bbox 830 1208 930 1271; x_wconf 80' lang='lat' dir='ltr'><strong>grave</strong></span> <span class='ocrx_word' id='word_1_84' title='bbox 956 1188 1013 1269; x_wconf 91' lang='lat' dir='ltr'><strong>sit,</strong></span> <span class='ocrx_word' id='word_1_85' title='bbox 1041 1189 1287 1270; x_wconf 87' lang='lat' dir='ltr'><strong>aestimate,a</strong></span> 
     </span>
     <span class='ocr_line' id='line_1_12' title="bbox 200 1271 1369 1358; baseline -0.003 -18"><span class='ocrx_word' id='word_1_86' title='bbox 200 1277 273 1342; x_wconf 92' lang='lat' dir='ltr'><strong>ideo</strong></span> <span class='ocrx_word' id='word_1_87' title='bbox 305 1273 334 1338; x_wconf 90' lang='lat' dir='ltr'><strong>si</strong></span> <span class='ocrx_word' id='word_1_88' title='bbox 364 1277 470 1358; x_wconf 85' lang='lat' dir='ltr'><strong>placet</strong></span> <span class='ocrx_word' id='word_1_89' title='bbox 500 1276 594 1338; x_wconf 88' lang='lat' dir='ltr'><strong>etiam</strong></span> <span class='ocrx_word' id='word_1_90' title='bbox 624 1277 706 1340; x_wconf 87' lang='lat' dir='ltr'><strong>hauc</strong></span> <span class='ocrx_word' id='word_1_91' title='bbox 735 1276 892 1338; x_wconf 78' lang='lat' dir='ltr'><strong>licentiam</strong></span> <span class='ocrx_word' id='word_1_92' title='bbox 919 1277 1106 1358; x_wconf 73' lang='lat' dir='ltr'><strong>generaliter</strong></span> <span class='ocrx_word' id='word_1_93' title='bbox 1132 1271 1175 1336; x_wconf 88' lang='lat' dir='ltr'><strong>de</strong></span> <span class='ocrx_word' id='word_1_94' title='bbox 1204 1276 1369 1339; x_wconf 83' lang='lat' dir='ltr'><strong>ecclesiis</strong></span> 
     </span>
     <span class='ocr_line' id='line_1_13' title="bbox 200 1357 1370 1443; baseline -0.003 -18"><span class='ocrx_word' id='word_1_95' title='bbox 200 1363 395 1442; x_wconf 76' lang='lat' dir='ltr'><strong>tuleramus,</strong></span> <span class='ocrx_word' id='word_1_96' title='bbox 424 1381 482 1442; x_wconf 90' lang='lat' dir='ltr'><strong>ne,</strong></span> <span class='ocrx_word' id='word_1_97' title='bbox 479 1359 592 1443; x_wconf 87' lang='lat' dir='ltr'><strong>‘quod</strong></span> <span class='ocrx_word' id='word_1_98' title='bbox 619 1371 708 1443; x_wconf 88' lang='lat' dir='ltr'><strong>turpe</strong></span> <span class='ocrx_word' id='word_1_99' title='bbox 729 1357 814 1424; x_wconf 88' lang='lat' dir='ltr'><strong>dictu</strong></span> <span class='ocrx_word' id='word_1_100' title='bbox 836 1370 901 1442; x_wconf 90' lang='lat' dir='ltr'><strong>est,</strong></span> <span class='ocrx_word' id='word_1_101' title='bbox 930 1360 1044 1423; x_wconf 91' lang='lat' dir='ltr'><strong>homini</strong></span> <span class='ocrx_word' id='word_1_102' title='bbox 1070 1363 1239 1443; x_wconf 85' lang='lat' dir='ltr'><strong>quisquam</strong></span> <span class='ocrx_word' id='word_1_103' title='bbox 1269 1369 1370 1442; x_wconf 85' lang='lat' dir='ltr'><strong>putet</strong></span> 
     </span>
     <span class='ocr_line' id='line_1_14' title="bbox 199 1445 564 1528; baseline 0 -18"><span class='ocrx_word' id='word_1_104' title='bbox 199 1447 308 1512; x_wconf 88' lang='lat' dir='ltr'><strong>deberi</strong></span> <span class='ocrx_word' id='word_1_105' title='bbox 328 1445 411 1528; x_wconf 88' lang='lat' dir='ltr'><strong>quod</strong></span> <span class='ocrx_word' id='word_1_106' title='bbox 433 1447 485 1508; x_wconf 91' lang='lat' dir='ltr'><strong>dei</strong></span> <span class='ocrx_word' id='word_1_107' title='bbox 504 1455 564 1510; x_wconf 85' lang='lat' dir='ltr'><strong>est</strong></span> 
     </span>
     <span class='ocr_line' id='line_1_15' title="bbox 284 1529 1366 1615; baseline -0.003 -21"><span class='ocrx_word' id='word_1_108' title='bbox 284 1531 328 1594; x_wconf 90' lang='lat' dir='ltr'><strong>Ut</strong></span> <span class='ocrx_word' id='word_1_109' title='bbox 349 1539 455 1593; x_wconf 90' lang='lat' dir='ltr'><strong>autem</strong></span> <span class='ocrx_word' id='word_1_110' title='bbox 476 1534 558 1613; x_wconf 89' lang='lat' dir='ltr'><strong>quod</strong></span> <span class='ocrx_word' id='word_1_111' title='bbox 581 1529 621 1595; x_wconf 82' lang='lat' dir='ltr'><strong>ad</strong></span> <span class='ocrx_word' id='word_1_112' title='bbox 642 1549 700 1594; x_wconf 90' lang='lat' dir='ltr'><strong>nos</strong></span> <span class='ocrx_word' id='word_1_113' title='bbox 726 1531 879 1615; x_wconf 82' lang='lat' dir='ltr'><strong>prolatum</strong></span> <span class='ocrx_word' id='word_1_114' title='bbox 894 1529 927 1610; x_wconf 80' lang='lat' dir='ltr'><strong>⁸J</strong></span> <span class='ocrx_word' id='word_1_115' title='bbox 960 1539 1011 1594; x_wconf 85' lang='lat' dir='ltr'><strong>est</strong></span> <span class='ocrx_word' id='word_1_116' title='bbox 1032 1529 1073 1592; x_wconf 90' lang='lat' dir='ltr'><strong>ad</strong></span> <span class='ocrx_word' id='word_1_117' title='bbox 1093 1539 1239 1592; x_wconf 84' lang='lat' dir='ltr'><strong>vestram</strong></span> <span class='ocrx_word' id='word_1_118' title='bbox 1263 1531 1366 1592; x_wconf 88' lang='lat' dir='ltr'><strong>etiam</strong></span> 
     </span>
     <span class='ocr_line' id='line_1_16' title="bbox 201 1614 1365 1714; baseline -0.001 -37"><span class='ocrx_word' id='word_1_119' title='bbox 201 1615 303 1699; x_wconf 87' lang='lat' dir='ltr'><strong>possit</strong></span> <span class='ocrx_word' id='word_1_120' title='bbox 323 1614 488 1699; x_wconf 86' lang='lat' dir='ltr'><strong>pervenire</strong></span> <span class='ocrx_word' id='word_1_121' title='bbox 510 1619 661 1699; x_wconf 88' lang='lat' dir='ltr'><strong>notitiam,</strong></span> <span class='ocrx_word' id='word_1_122' title='bbox 682 1617 889 1699; x_wconf 81' lang='lat' dir='ltr'><strong>Hispanorum</strong></span> <span class='ocrx_word' id='word_1_123' title='bbox 906 1616 1032 1680; x_wconf 84' lang='lat' dir='ltr'><strong>fratrum</strong></span> <span class='ocrx_word' id='word_1_124' title='bbox 1046 1625 1079 1677; x_wconf 90' lang='lat' dir='ltr'><strong>et</strong></span> <span class='ocrx_word' id='word_1_125' title='bbox 1086 1617 1365 1714; x_wconf 89' lang='lat' dir='ltr'><strong>coepiscoporum</strong></span> 
     </span>
     <span class='ocr_line' id='line_1_17' title="bbox 202 1699 1419 1798; baseline -0.006 -31"><span class='ocrx_word' id='word_1_126' title='bbox 202 1710 379 1768; x_wconf 83' lang='lat' dir='ltr'><strong>nostrorum</strong></span> <span class='ocrx_word' id='word_1_127' title='bbox 400 1701 519 1784; x_wconf 90' lang='lat' dir='ltr'><strong>scripta</strong></span> <span class='ocrx_word' id='word_1_128' title='bbox 539 1702 694 1784; x_wconf 80' lang='lat' dir='ltr'><strong>legantur.</strong></span> <span class='ocrx_word' id='word_1_129' title='bbox 734 1703 852 1766; x_wconf 87' lang='lat' dir='ltr'><strong>Paulus</strong></span> <span class='ocrx_word' id='word_1_130' title='bbox 872 1703 1012 1766; x_wconf 88' lang='lat' dir='ltr'><strong>notarius</strong></span> <span class='ocrx_word' id='word_1_131' title='bbox 1030 1702 1177 1763; x_wconf 89' lang='lat' dir='ltr'><strong>recitavit</strong></span> <span class='ocrx_word' id='word_1_132' title='bbox 1189 1699 1249 1798; x_wconf 78' lang='lat' dir='ltr'><strong>⁸J:</strong></span> <span class='ocrx_word' id='word_1_133' title='bbox 1417 1707 1419 1760; x_wconf 87' lang='lat' dir='ltr'><strong>l</strong></span> 
     </span>
     <span class='ocr_line' id='line_1_18' title="bbox 484 1788 1059 1871; baseline -0.006 -19"><span class='ocrx_word' id='word_1_134' title='bbox 484 1788 671 1871; x_wconf 76' lang='lat' dir='ltr'><strong>Epistola</strong></span> <span class='ocrx_word' id='word_1_135' title='bbox 700 1789 1059 1852; x_wconf 71' lang='lat' dir='ltr'><strong>&#39;tarraconensium</strong></span> 
     </span>
     <span class='ocr_line' id='line_1_19' title="bbox 202 1871 1418 1958; baseline -0.007 -19"><span class='ocrx_word' id='word_1_136' title='bbox 202 1875 484 1958; x_wconf 89' lang='lat' dir='ltr'><strong>episcoporum</strong></span> <span class='ocrx_word' id='word_1_137' title='bbox 510 1873 555 1940; x_wconf 85' lang='lat' dir='ltr'><strong>ad</strong></span> <span class='ocrx_word' id='word_1_138' title='bbox 577 1874 784 1941; x_wconf 87' lang='lat' dir='ltr'><strong>Hilarum</strong></span> <span class='ocrx_word' id='word_1_139' title='bbox 776 1895 813 1935; x_wconf 91' lang='grc' dir='ltr'><strong>ιι</strong></span> <span class='ocrx_word' id='word_1_140' title='bbox 835 1874 1011 1938; x_wconf 90' lang='lat' dir='ltr'><strong>concilio</strong></span> <span class='ocrx_word' id='word_1_141' title='bbox 1033 1872 1214 1936; x_wconf 83' lang='lat' dir='ltr'><strong>Romano</strong></span> <span class='ocrx_word' id='word_1_142' title='bbox 1236 1871 1358 1934; x_wconf 83' lang='lat' dir='ltr'><strong>lecta</strong></span> <span class='ocrx_word' id='word_1_143' title='bbox 1416 1897 1418 1930; x_wconf 77' lang='grc' dir='ltr'><strong>ι</strong></span> 
     </span>
     <span class='ocr_line' id='line_1_20' title="bbox 283 1956 1420 2074; baseline -0.002 -52"><span class='ocrx_word' id='word_1_144' title='bbox 283 1959 415 2043; x_wconf 82' lang='lat' dir='ltr'><strong>Rogant</strong></span> <span class='ocrx_word' id='word_1_145' title='bbox 435 1967 472 2024; x_wconf 83' lang='lat' dir='ltr'><strong>ut</strong></span> <span class='ocrx_word' id='word_1_146' title='bbox 492 1959 628 2024; x_wconf 78' lang='lat' dir='ltr'><strong>Hilarus</strong></span> <span class='ocrx_word' id='word_1_147' title='bbox 641 1981 732 2043; x_wconf 85' lang='lat' dir='ltr'><strong>papa</strong></span> <span class='ocrx_word' id='word_1_148' title='bbox 752 1958 918 2022; x_wconf 84' lang='lat' dir='ltr'><strong>Irenaeum</strong></span> <span class='ocrx_word' id='word_1_149' title='bbox 939 1961 1126 2040; x_wconf 74' lang='lat' dir='ltr'><strong>episcoprum</strong></span> <span class='ocrx_word' id='word_1_150' title='bbox 1148 1979 1243 2041; x_wconf 73' lang='lat' dir='ltr'><strong>quaem</strong></span> <span class='ocrx_word' id='word_1_151' title='bbox 1266 1956 1357 2022; x_wconf 84' lang='lat' dir='ltr'><strong>Nun-</strong></span> <span class='ocrx_word' id='word_1_152' title='bbox 1419 2005 1420 2074; x_wconf 64' lang='lat'><strong>,</strong></span> 
     </span>
     <span class='ocr_line' id='line_1_21' title="bbox 200 2045 1358 2126; baseline -0.006 -18"><span class='ocrx_word' id='word_1_153' title='bbox 200 2046 346 2109; x_wconf 71' lang='lat' dir='ltr'><strong>dinarius</strong></span> <span class='ocrx_word' id='word_1_154' title='bbox 369 2047 530 2126; x_wconf 83' lang='lat' dir='ltr'><strong>epiecopus</strong></span> <span class='ocrx_word' id='word_1_155' title='bbox 557 2047 596 2107; x_wconf 82' lang='lat' dir='ltr'><strong>de</strong></span> <span class='ocrx_word' id='word_1_156' title='bbox 626 2045 760 2107; x_wconf 83' lang='lat' dir='ltr'><strong>ecclesia</strong></span> <span class='ocrx_word' id='word_1_157' title='bbox 790 2045 997 2108; x_wconf 80' lang='lat' dir='ltr'><strong>benemeritus</strong></span> <span class='ocrx_word' id='word_1_158' title='bbox 1025 2051 1218 2106; x_wconf 80' lang='lat' dir='ltr'><strong>testamento</strong></span> <span class='ocrx_word' id='word_1_159' title='bbox 1242 2065 1301 2108; x_wconf 85' lang='lat' dir='ltr'><strong>suo</strong></span> <span class='ocrx_word' id='word_1_160' title='bbox 1324 2045 1358 2102; x_wconf 84' lang='lat' dir='ltr'><strong>in</strong></span> 
     </span>
     <span class='ocr_line' id='line_1_22' title="bbox 205 2129 1355 2212; baseline -0.002 -19"><span class='ocrx_word' id='word_1_161' title='bbox 205 2131 436 2193; x_wconf 78' lang='lat' dir='ltr'><strong>Tarraconensi</strong></span> <span class='ocrx_word' id='word_1_162' title='bbox 448 2130 481 2209; x_wconf 75' lang='lat'><strong>⁷)</strong></span> <span class='ocrx_word' id='word_1_163' title='bbox 497 2131 629 2193; x_wconf 84' lang='lat' dir='ltr'><strong>ecclesia</strong></span> <span class='ocrx_word' id='word_1_164' title='bbox 649 2150 855 2192; x_wconf 72' lang='lat' dir='ltr'><strong>amasaeorem</strong></span> <span class='ocrx_word' id='word_1_165' title='bbox 870 2130 1053 2212; x_wconf 81' lang='lat' dir='ltr'><strong>designauit</strong></span> <span class='ocrx_word' id='word_1_166' title='bbox 1074 2132 1242 2209; x_wconf 81' lang='lat' dir='ltr'><strong>confirmet</strong></span> <span class='ocrx_word' id='word_1_167' title='bbox 1256 2129 1355 2210; x_wconf 79' lang='lat' dir='ltr'><strong>deque</strong></span> 
     </span>
     <span class='ocr_line' id='line_1_23' title="bbox 202 2212 1420 2295; baseline -0.001 -20"><span class='ocrx_word' id='word_1_168' title='bbox 202 2214 330 2276; x_wconf 78' lang='lat' dir='ltr'><strong>Siluani</strong></span> <span class='ocrx_word' id='word_1_169' title='bbox 351 2216 492 2295; x_wconf 81' lang='lat' dir='ltr'><strong>episcopi</strong></span> <span class='ocrx_word' id='word_1_170' title='bbox 505 2218 600 2294; x_wconf 81' lang='lat' dir='ltr'><strong>sueto</strong></span> <span class='ocrx_word' id='word_1_171' title='bbox 620 2216 813 2276; x_wconf 81' lang='lat' dir='ltr'><strong>sententiam</strong></span> <span class='ocrx_word' id='word_1_172' title='bbox 833 2235 922 2276; x_wconf 81' lang='lat' dir='ltr'><strong>aarum</strong></span> <span class='ocrx_word' id='word_1_173' title='bbox 943 2212 1107 2276; x_wconf 81' lang='lat' dir='ltr'><strong>rescribat.</strong></span> <span class='ocrx_word' id='word_1_174' title='bbox 1419 2229 1420 2266; x_wconf 81' lang='lat' dir='ltr'><strong>t</strong></span> 
     </span>
     <span class='ocr_line' id='line_1_24' title="bbox 285 2298 1352 2378; baseline 0.001 -21"><span class='ocrx_word' id='word_1_175' title='bbox 285 2301 474 2358; x_wconf 83' lang='lat' dir='ltr'><strong>Beatissimo</strong></span> <span class='ocrx_word' id='word_1_176' title='bbox 496 2309 530 2359; x_wconf 91' lang='lat' dir='ltr'><strong>et</strong></span> <span class='ocrx_word' id='word_1_177' title='bbox 550 2303 722 2378; x_wconf 86' lang='lat' dir='ltr'><strong>apostolica</strong></span> <span class='ocrx_word' id='word_1_178' title='bbox 743 2302 918 2361; x_wconf 87' lang='lat' dir='ltr'><strong>reverentia</strong></span> <span class='ocrx_word' id='word_1_179' title='bbox 939 2318 958 2361; x_wconf 90' lang='lat' dir='ltr'><strong>a</strong></span> <span class='ocrx_word' id='word_1_180' title='bbox 982 2299 1099 2360; x_wconf 81' lang='grc' dir='ltr'><strong>ιιοιιιΙ</strong></span> <span class='ocrx_word' id='word_1_181' title='bbox 1093 2317 1122 2359; x_wconf 88' lang='grc' dir='ltr'><strong>ιι</strong></span> <span class='ocrx_word' id='word_1_182' title='bbox 1144 2298 1273 2360; x_wconf 88' lang='lat' dir='ltr'><strong>Christo</strong></span> <span class='ocrx_word' id='word_1_183' title='bbox 1294 2317 1352 2360; x_wconf 88' lang='lat' dir='ltr'><strong>co·</strong></span> 
     </span>
     <span class='ocr_line' id='line_1_25' title="bbox 199 2381 1420 2466; baseline -0.003 -20"><span class='ocrx_word' id='word_1_184' title='bbox 199 2381 292 2446; x_wconf 87' lang='lat' dir='ltr'><strong>leudo</strong></span> <span class='ocrx_word' id='word_1_185' title='bbox 313 2400 415 2463; x_wconf 87' lang='lat' dir='ltr'><strong>papae</strong></span> <span class='ocrx_word' id='word_1_186' title='bbox 430 2383 545 2465; x_wconf 89' lang='lat' dir='ltr'><strong>Hilaro,</strong></span> <span class='ocrx_word' id='word_1_187' title='bbox 560 2385 718 2448; x_wconf 88' lang='lat' dir='ltr'><strong>Ascanius</strong></span> <span class='ocrx_word' id='word_1_188' title='bbox 738 2393 772 2445; x_wconf 90' lang='lat' dir='ltr'><strong>et</strong></span> <span class='ocrx_word' id='word_1_189' title='bbox 793 2386 930 2448; x_wconf 88' lang='lat' dir='ltr'><strong>universi</strong></span> <span class='ocrx_word' id='word_1_190' title='bbox 949 2385 1089 2466; x_wconf 85' lang='lat' dir='ltr'><strong>episcopi</strong></span> <span class='ocrx_word' id='word_1_191' title='bbox 1104 2384 1348 2448; x_wconf 67' lang='lat' dir='ltr'><strong>&#39;tarraconensis</strong></span> <span class='ocrx_word' id='word_1_192' title='bbox 1419 2429 1420 2462; x_wconf 79' lang='lat'><strong>,</strong></span> 
     </span>
     <span class='ocr_line' id='line_1_26' title="bbox 220 2469 387 2534; baseline -0.025 0"><span class='ocrx_word' id='word_1_193' title='bbox 220 2469 387 2534; x_wconf 74' lang='lat' dir='ltr'><strong>revincite</strong></span> 
     </span>
     <span class='ocr_line' id='line_1_27' title="bbox 197 2489 1419 2677; baseline -0.003 -59"><span class='ocrx_word' id='word_1_194' title='bbox 197 2489 219 2554; x_wconf 68' lang='lat' dir='ltr'><strong>p</strong></span> <span class='ocrx_word' id='word_1_195' title='bbox 264 2554 389 2633; x_wconf 80' lang='lat' dir='ltr'><strong>Quam</strong></span> <span class='ocrx_word' id='word_1_196' title='bbox 420 2570 526 2616; x_wconf 87' lang='lat' dir='ltr'><strong>curam</strong></span> <span class='ocrx_word' id='word_1_197' title='bbox 560 2553 724 2634; x_wconf 91' lang='lat' dir='ltr'><strong>apostolus</strong></span> <span class='ocrx_word' id='word_1_198' title='bbox 755 2561 865 2615; x_wconf 88' lang='lat' dir='ltr'><strong>vester</strong></span> <span class='ocrx_word' id='word_1_199' title='bbox 896 2554 936 2616; x_wconf 89' lang='lat' dir='ltr'><strong>de</strong></span> <span class='ocrx_word' id='word_1_200' title='bbox 966 2555 1193 2636; x_wconf 67' lang='lat' dir='ltr'><strong>prouinciarum</strong></span> <span class='ocrx_word' id='word_1_201' title='bbox 1226 2569 1349 2616; x_wconf 86' lang='lat' dir='ltr'><strong>suarum</strong></span> <span class='ocrx_word' id='word_1_202' title='bbox 1415 2544 1419 2677; x_wconf 68' lang='grc'>)</span> 
     </span>
     <span class='ocr_line' id='line_1_28' title="bbox 200 2639 1417 2722; baseline -0.008 -16"><span class='ocrx_word' id='word_1_203' title='bbox 200 2641 416 2706; x_wconf 88' lang='lat' dir='ltr'><strong>sacerdotibus</strong></span> <span class='ocrx_word' id='word_1_204' title='bbox 431 2647 531 2722; x_wconf 85' lang='lat' dir='ltr'><strong>gerat,</strong></span> <span class='ocrx_word' id='word_1_205' title='bbox 545 2639 608 2700; x_wconf 88' lang='lat' dir='ltr'><strong>filio</strong></span> <span class='ocrx_word' id='word_1_206' title='bbox 627 2648 734 2700; x_wconf 89' lang='lat' dir='ltr'><strong>nostro</strong></span> <span class='ocrx_word' id='word_1_207' title='bbox 753 2640 862 2700; x_wconf 85' lang='lat' dir='ltr'><strong>illustri</strong></span> <span class='ocrx_word' id='word_1_208' title='bbox 876 2639 1053 2721; x_wconf 86' lang='lat' dir='ltr'><strong>Vincentio,</strong></span> <span class='ocrx_word' id='word_1_209' title='bbox 1069 2641 1151 2704; x_wconf 90' lang='lat' dir='ltr'><strong>duce</strong></span> <span class='ocrx_word' id='word_1_210' title='bbox 1168 2639 1349 2720; x_wconf 89' lang='lat' dir='ltr'><strong>provinciae</strong></span> <span class='ocrx_word' id='word_1_211' title='bbox 1415 2695 1417 2715; x_wconf 5' lang='grc' dir='ltr'><strong>,ἵ</strong></span> 
     </span>
     <span class='ocr_line' id='line_1_29' title="bbox 200 2723 1418 2808; baseline -0.003 -17"><span class='ocrx_word' id='word_1_212' title='bbox 200 2737 343 2808; x_wconf 80' lang='lat' dir='ltr'><strong>nostrae,</strong></span> <span class='ocrx_word' id='word_1_213' title='bbox 368 2727 523 2788; x_wconf 87' lang='lat' dir='ltr'><strong>referente</strong></span> <span class='ocrx_word' id='word_1_214' title='bbox 553 2726 774 2807; x_wconf 81' lang='lat' dir='ltr'><strong>cognovimus,</strong></span> <span class='ocrx_word' id='word_1_215' title='bbox 804 2723 895 2804; x_wconf 90' lang='lat' dir='ltr'><strong>cujus</strong></span> <span class='ocrx_word' id='word_1_216' title='bbox 923 2727 1060 2804; x_wconf 89' lang='lat' dir='ltr'><strong>impulsu</strong></span> <span class='ocrx_word' id='word_1_217' title='bbox 1077 2735 1186 2788; x_wconf 88' lang='lat' dir='ltr'><strong>votum</strong></span> <span class='ocrx_word' id='word_1_218' title='bbox 1209 2733 1350 2787; x_wconf 85' lang='lat' dir='ltr'><strong>nostrum</strong></span> <span class='ocrx_word' id='word_1_219' title='bbox 1417 2767 1418 2776; x_wconf 34' lang='grc' dir='ltr'><strong>ι</strong></span> 
     </span>
     <span class='ocr_line' id='line_1_30' title="bbox 199 2808 1351 2893; baseline -0.007 -17"><span class='ocrx_word' id='word_1_220' title='bbox 199 2816 363 2878; x_wconf 89' lang='lat' dir='ltr'><strong>inausum</strong></span> <span class='ocrx_word' id='word_1_221' title='bbox 385 2809 540 2873; x_wconf 89' lang='lat' dir='ltr'><strong>scribendi</strong></span> <span class='ocrx_word' id='word_1_222' title='bbox 560 2829 657 2889; x_wconf 87' lang='lat' dir='ltr'><strong>prona</strong></span> <span class='ocrx_word' id='word_1_223' title='bbox 678 2810 846 2871; x_wconf 87' lang='lat' dir='ltr'><strong>devotione</strong></span> <span class='ocrx_word' id='word_1_224' title='bbox 865 2812 1008 2873; x_wconf 88' lang='lat' dir='ltr'><strong>surrexit.</strong></span> <span class='ocrx_word' id='word_1_225' title='bbox 1050 2813 1137 2893; x_wconf 76' lang='lat' dir='ltr'><strong>Ergo</strong></span> <span class='ocrx_word' id='word_1_226' title='bbox 1165 2808 1351 2892; x_wconf 85' lang='lat' dir='ltr'><strong>provinciali</strong></span> 
     </span>
     <span class='ocr_line' id='line_1_31' title="bbox 199 2894 1418 2977; baseline -0.005 -15"><span class='ocrx_word' id='word_1_227' title='bbox 199 2899 334 2962; x_wconf 86' lang='lat' dir='ltr'><strong>literaria</strong></span> <span class='ocrx_word' id='word_1_228' title='bbox 346 2895 381 2976; x_wconf 80' lang='lat' dir='ltr'><strong>⁸J</strong></span> <span class='ocrx_word' id='word_1_229' title='bbox 394 2915 538 2959; x_wconf 89' lang='lat' dir='ltr'><strong>sermone</strong></span> <span class='ocrx_word' id='word_1_230' title='bbox 557 2894 663 2957; x_wconf 88' lang='lat' dir='ltr'><strong>debite</strong></span> <span class='ocrx_word' id='word_1_231' title='bbox 682 2913 816 2958; x_wconf 87' lang='lat' dir='ltr'><strong>coronae</strong></span> <span class='ocrx_word' id='word_1_232' title='bbox 838 2905 964 2958; x_wconf 87' lang='lat' dir='ltr'><strong>vestrae</strong></span> <span class='ocrx_word' id='word_1_233' title='bbox 986 2898 1136 2977; x_wconf 87' lang='lat' dir='ltr'><strong>obsequia</strong></span> <span class='ocrx_word' id='word_1_234' title='bbox 1156 2897 1350 2974; x_wconf 84' lang='lat' dir='ltr'><strong>deferentes,</strong></span> <span class='ocrx_word' id='word_1_235' title='bbox 1417 2912 1418 2970; x_wconf 71' lang='grc' dir='ltr'><strong>ι</strong></span> 
     </span>
     <span class='ocr_line' id='line_1_32' title="bbox 177 2971 1420 3080; baseline -0.006 -31"><span class='ocrx_word' id='word_1_236' title='bbox 177 2987 253 3050; x_wconf 77' lang='lat' dir='ltr'><strong>iris</strong></span> <span class='ocrx_word' id='word_1_237' title='bbox 274 3000 480 3079; x_wconf 86' lang='lat' dir='ltr'><strong>quaesumus,</strong></span> <span class='ocrx_word' id='word_1_238' title='bbox 511 2990 545 3042; x_wconf 91' lang='lat' dir='ltr'><strong>ut</strong></span> <span class='ocrx_word' id='word_1_239' title='bbox 565 2980 761 3080; x_wconf 81' lang='lat' dir='ltr'><strong>dignatione,</strong></span> <span class='ocrx_word' id='word_1_240' title='bbox 783 2999 844 3062; x_wconf 90' lang='lat' dir='ltr'><strong>qua</strong></span> <span class='ocrx_word' id='word_1_241' title='bbox 865 2990 1008 3062; x_wconf 85' lang='lat' dir='ltr'><strong>ceteros,</strong></span> <span class='ocrx_word' id='word_1_242' title='bbox 1029 2984 1123 3044; x_wconf 85' lang='lat' dir='ltr'><strong>etiam</strong></span> <span class='ocrx_word' id='word_1_243' title='bbox 1143 2982 1354 3042; x_wconf 85' lang='lat' dir='ltr'><strong>humilitatem</strong></span> <span class='ocrx_word' id='word_1_244' title='bbox 1417 2971 1420 3064; x_wconf 67' lang='lat' dir='ltr'>J</span> 
     </span>
     <span class='ocr_line' id='line_1_33' title="bbox 200 3066 1353 3154; baseline -0.004 -22"><span class='ocrx_word' id='word_1_245' title='bbox 200 3080 338 3132; x_wconf 89' lang='lat' dir='ltr'><strong>nostram</strong></span> <span class='ocrx_word' id='word_1_246' title='bbox 358 3067 389 3128; x_wconf 92' lang='lat' dir='ltr'><strong>in</strong></span> <span class='ocrx_word' id='word_1_247' title='bbox 410 3067 599 3129; x_wconf 87' lang='lat' dir='ltr'><strong>orationibus</strong></span> <span class='ocrx_word' id='word_1_248' title='bbox 617 3069 734 3128; x_wconf 86' lang='lat' dir='ltr'><strong>vestris</strong></span> <span class='ocrx_word' id='word_1_249' title='bbox 751 3066 782 3127; x_wconf 91' lang='lat' dir='ltr'><strong>in</strong></span> <span class='ocrx_word' id='word_1_250' title='bbox 804 3075 908 3128; x_wconf 88' lang='lat' dir='ltr'><strong>mente</strong></span> <span class='ocrx_word' id='word_1_251' title='bbox 930 3067 1045 3129; x_wconf 90' lang='lat' dir='ltr'><strong>habere</strong></span> <span class='ocrx_word' id='word_1_252' title='bbox 1066 3068 1248 3154; x_wconf 74' lang='lat' dir='ltr'><strong>dignemini,</strong></span> <span class='ocrx_word' id='word_1_253' title='bbox 1272 3069 1353 3128; x_wconf 84' lang='lat' dir='ltr'><strong>bea·</strong></span> 
     </span>
     <span class='ocr_line' id='line_1_34' title="bbox 200 3150 1352 3228; baseline -0.003 -12"><span class='ocrx_word' id='word_1_254' title='bbox 200 3153 325 3216; x_wconf 80' lang='lat' dir='ltr'><strong>tissime</strong></span> <span class='ocrx_word' id='word_1_255' title='bbox 357 3160 391 3210; x_wconf 92' lang='lat' dir='ltr'><strong>et</strong></span> <span class='ocrx_word' id='word_1_256' title='bbox 425 3150 599 3228; x_wconf 87' lang='lat' dir='ltr'><strong>apostoliea</strong></span> <span class='ocrx_word' id='word_1_257' title='bbox 630 3153 805 3212; x_wconf 88' lang='lat' dir='ltr'><strong>reverentia</strong></span> <span class='ocrx_word' id='word_1_258' title='bbox 836 3153 867 3214; x_wconf 91' lang='lat' dir='ltr'><strong>in</strong></span> <span class='ocrx_word' id='word_1_259' title='bbox 895 3152 1021 3214; x_wconf 85' lang='lat' dir='ltr'><strong>Christo</strong></span> <span class='ocrx_word' id='word_1_260' title='bbox 1050 3172 1070 3215; x_wconf 92' lang='lat' dir='ltr'><strong>a</strong></span> <span class='ocrx_word' id='word_1_261' title='bbox 1096 3153 1187 3214; x_wconf 89' lang='lat' dir='ltr'><strong>nobis</strong></span> <span class='ocrx_word' id='word_1_262' title='bbox 1216 3153 1352 3215; x_wconf 89' lang='lat' dir='ltr'><strong>colenda</strong></span> 
     </span>
     <span class='ocr_line' id='line_1_35' title="bbox 200 3232 1351 3338; baseline -0.002 -37"><span class='ocrx_word' id='word_1_263' title='bbox 200 3247 306 3323; x_wconf 84' lang='lat' dir='ltr'><strong>pater,</strong></span> <span class='ocrx_word' id='word_1_264' title='bbox 332 3234 405 3296; x_wconf 90' lang='lat' dir='ltr'><strong>illud</strong></span> <span class='ocrx_word' id='word_1_265' title='bbox 427 3232 597 3314; x_wconf 88' lang='lat' dir='ltr'><strong>specialius</strong></span> <span class='ocrx_word' id='word_1_266' title='bbox 611 3233 848 3332; x_wconf 80' lang='lat' dir='ltr'><strong>deprecantes,</strong></span> <span class='ocrx_word' id='word_1_267' title='bbox 877 3246 911 3298; x_wconf 92' lang='lat' dir='ltr'><strong>ut</strong></span> <span class='ocrx_word' id='word_1_268' title='bbox 938 3239 1055 3300; x_wconf 87' lang='lat' dir='ltr'><strong>lactum</strong></span> <span class='ocrx_word' id='word_1_269' title='bbox 1081 3248 1236 3318; x_wconf 86' lang='lat' dir='ltr'><strong>nostrum,</strong></span> <span class='ocrx_word' id='word_1_270' title='bbox 1267 3236 1351 3338; x_wconf 80' lang='lat' dir='ltr'><strong>quod</strong></span> 
     </span>
     <span class='ocr_line' id='line_1_36' title="bbox 200 3317 1352 3403; baseline 0 -17"><span class='ocrx_word' id='word_1_271' title='bbox 200 3337 265 3390; x_wconf 84' lang='lat' dir='ltr'><strong>tam</strong></span> <span class='ocrx_word' id='word_1_272' title='bbox 296 3329 371 3383; x_wconf 88' lang='lat' dir='ltr'><strong>voto</strong></span> <span class='ocrx_word' id='word_1_273' title='bbox 403 3339 505 3402; x_wconf 87' lang='lat' dir='ltr'><strong>paene</strong></span> <span class='ocrx_word' id='word_1_274' title='bbox 538 3317 637 3381; x_wconf 89' lang='lat' dir='ltr'><strong>omnis</strong></span> <span class='ocrx_word' id='word_1_275' title='bbox 670 3320 849 3400; x_wconf 90' lang='lat' dir='ltr'><strong>provinciae</strong></span> <span class='ocrx_word' id='word_1_276' title='bbox 878 3341 970 3402; x_wconf 88' lang='lat' dir='ltr'><strong>quam</strong></span> <span class='ocrx_word' id='word_1_277' title='bbox 1000 3325 1143 3403; x_wconf 88' lang='lat' dir='ltr'><strong>exemplo</strong></span> <span class='ocrx_word' id='word_1_278' title='bbox 1173 3326 1352 3394; x_wconf 84' lang='lat' dir='ltr'><strong>vetustatis</strong></span> 
     </span>
     <span class='ocr_line' id='line_1_37' title="bbox 199 3404 1353 3486; baseline -0.004 -11"><span class='ocrx_word' id='word_1_279' title='bbox 199 3415 233 3475; x_wconf 90' lang='lat' dir='ltr'><strong>in</strong></span> <span class='ocrx_word' id='word_1_280' title='bbox 251 3408 391 3473; x_wconf 89' lang='lat' dir='ltr'><strong>notitiam</strong></span> <span class='ocrx_word' id='word_1_281' title='bbox 411 3415 550 3468; x_wconf 89' lang='lat' dir='ltr'><strong>vestram</strong></span> <span class='ocrx_word' id='word_1_282' title='bbox 578 3404 730 3486; x_wconf 86' lang='lat' dir='ltr'><strong>defertur,</strong></span> <span class='ocrx_word' id='word_1_283' title='bbox 760 3409 923 3486; x_wconf 84' lang='lat' dir='ltr'><strong>perpensis</strong></span> <span class='ocrx_word' id='word_1_284' title='bbox 953 3407 1178 3471; x_wconf 85' lang='lat' dir='ltr'><strong>assertionibus</strong></span> <span class='ocrx_word' id='word_1_285' title='bbox 1205 3412 1353 3472; x_wconf 84' lang='lat' dir='ltr'><strong>roborare</strong></span> 
     </span>
     <span class='ocr_line' id='line_1_38' title="bbox 198 3493 1304 3562; baseline -0.009 -1"><span class='ocrx_word' id='word_1_286' title='bbox 198 3498 229 3562; x_wconf 95' lang='lat' dir='ltr'><strong>di</strong></span> <span class='ocrx_word' id='word_1_287' title='bbox 276 3493 378 3556; x_wconf 84' lang='lat' dir='ltr'><strong>amini.</strong></span> <span class='ocrx_word' id='word_1_288' title='bbox 1285 3517 1304 3528; x_wconf 89' lang='lat'>-</span> 
     </span>
     <span class='ocr_line' id='line_1_39' title="bbox 231 3515 1350 3662; baseline -0.001 -20"><span class='ocrx_word' id='word_1_289' title='bbox 231 3515 328 3643; x_wconf 66' lang='grc' dir='ltr'><strong>ἔῃΕι</strong></span> <span class='ocrx_word' id='word_1_290' title='bbox 354 3595 426 3640; x_wconf 89' lang='lat' dir='ltr'><strong>cum</strong></span> <span class='ocrx_word' id='word_1_291' title='bbox 442 3574 630 3660; x_wconf 69' lang='lat' dir='ltr'><strong>legeretlJ,</strong></span> <span class='ocrx_word' id='word_1_292' title='bbox 659 3577 700 3638; x_wconf 89' lang='lat' dir='ltr'><strong>ab</strong></span> <span class='ocrx_word' id='word_1_293' title='bbox 726 3577 881 3640; x_wconf 89' lang='lat' dir='ltr'><strong>universis</strong></span> <span class='ocrx_word' id='word_1_294' title='bbox 909 3579 1067 3661; x_wconf 88' lang='lat' dir='ltr'><strong>episcopis</strong></span> <span class='ocrx_word' id='word_1_295' title='bbox 1092 3587 1127 3640; x_wconf 89' lang='lat' dir='ltr'><strong>et</strong></span> <span class='ocrx_word' id='word_1_296' title='bbox 1155 3579 1350 3662; x_wconf 85' lang='lat' dir='ltr'><strong>presbyteris</strong></span> 
     </span>
     <span class='ocr_line' id='line_1_40' title="bbox 200 3662 1350 3731; baseline -0.004 0"><span class='ocrx_word' id='word_1_297' title='bbox 200 3668 409 3731; x_wconf 83' lang='lat' dir='ltr'><strong>acclamatum</strong></span> <span class='ocrx_word' id='word_1_298' title='bbox 430 3674 497 3726; x_wconf 91' lang='lat' dir='ltr'><strong>est:</strong></span> <span class='ocrx_word' id='word_1_299' title='bbox 528 3662 652 3724; x_wconf 78' lang='lat' dir='ltr'><strong>Exaudi</strong></span> <span class='ocrx_word' id='word_1_300' title='bbox 667 3662 811 3724; x_wconf 85' lang='lat' dir='ltr'><strong>Christe!</strong></span> <span class='ocrx_word' id='word_1_301' title='bbox 839 3663 945 3725; x_wconf 90' lang='lat' dir='ltr'><strong>Hilaro</strong></span> <span class='ocrx_word' id='word_1_302' title='bbox 966 3667 1051 3728; x_wconf 87' lang='lat' dir='ltr'><strong>vita!</strong></span> <span class='ocrx_word' id='word_1_303' title='bbox 1078 3663 1195 3726; x_wconf 86' lang='lat' dir='ltr'><strong>dictum</strong></span> <span class='ocrx_word' id='word_1_304' title='bbox 1217 3674 1269 3726; x_wconf 87' lang='lat' dir='ltr'><strong>est</strong></span> <span class='ocrx_word' id='word_1_305' title='bbox 1291 3665 1350 3726; x_wconf 90' lang='lat' dir='ltr'><strong>de-</strong></span> 
     </span>
     <span class='ocr_line' id='line_1_41' title="bbox 201 3748 1347 3829; baseline -0.003 -14"><span class='ocrx_word' id='word_1_306' title='bbox 201 3755 278 3816; x_wconf 90' lang='lat' dir='ltr'><strong>cies.</strong></span> <span class='ocrx_word' id='word_1_307' title='bbox 333 3751 424 3812; x_wconf 89' lang='lat' dir='ltr'><strong>Haec</strong></span> <span class='ocrx_word' id='word_1_308' title='bbox 457 3748 667 3829; x_wconf 86' lang='lat' dir='ltr'><strong>praesmuptio</strong></span> <span class='ocrx_word' id='word_1_309' title='bbox 700 3767 855 3828; x_wconf 84' lang='lat' dir='ltr'><strong>nunquam</strong></span> <span class='ocrx_word' id='word_1_310' title='bbox 889 3748 963 3810; x_wconf 84' lang='lat' dir='ltr'><strong>liat!</strong></span> <span class='ocrx_word' id='word_1_311' title='bbox 997 3751 1112 3812; x_wconf 89' lang='lat' dir='ltr'><strong>dictum</strong></span> <span class='ocrx_word' id='word_1_312' title='bbox 1146 3759 1198 3812; x_wconf 86' lang='lat' dir='ltr'><strong>est</strong></span> <span class='ocrx_word' id='word_1_313' title='bbox 1230 3752 1347 3812; x_wconf 82' lang='lat' dir='ltr'><strong>sexies.</strong></span> 
     </span>
     <span class='ocr_line' id='line_1_42' title="bbox 203 3833 1417 3915; baseline -0.003 -15"><span class='ocrx_word' id='word_1_314' title='bbox 203 3836 294 3915; x_wconf 82' lang='lat' dir='ltr'><strong>Quae</strong></span> <span class='ocrx_word' id='word_1_315' title='bbox 314 3834 365 3897; x_wconf 94' lang='lat' dir='ltr'><strong>dei</strong></span> <span class='ocrx_word' id='word_1_316' title='bbox 386 3835 518 3896; x_wconf 89' lang='lat' dir='ltr'><strong>suntab</strong></span> <span class='ocrx_word' id='word_1_317' title='bbox 540 3834 663 3895; x_wconf 87' lang='lat' dir='ltr'><strong>homine</strong></span> <span class='ocrx_word' id='word_1_318' title='bbox 684 3833 750 3896; x_wconf 85' lang='lat' dir='ltr'><strong>dari</strong></span> <span class='ocrx_word' id='word_1_319' title='bbox 770 3851 830 3894; x_wconf 90' lang='lat' dir='ltr'><strong>non</strong></span> <span class='ocrx_word' id='word_1_320' title='bbox 852 3839 1001 3913; x_wconf 87' lang='lat' dir='ltr'><strong>possuntt</strong></span> <span class='ocrx_word' id='word_1_321' title='bbox 1021 3835 1138 3898; x_wconf 88' lang='lat' dir='ltr'><strong>dietum</strong></span> <span class='ocrx_word' id='word_1_322' title='bbox 1159 3844 1211 3896; x_wconf 88' lang='lat' dir='ltr'><strong>est</strong></span> <span class='ocrx_word' id='word_1_323' title='bbox 1231 3838 1348 3896; x_wconf 85' lang='lat' dir='ltr'><strong>sexies.</strong></span> <span class='ocrx_word' id='word_1_324' title='bbox 1411 3864 1417 3886; x_wconf 68' lang='lat' dir='ltr'><strong>r</strong></span> 
     </span>
     <span class='ocr_line' id='line_1_43' title="bbox 203 3918 1347 4000; baseline -0.005 -13"><span class='ocrx_word' id='word_1_325' title='bbox 203 3924 264 3987; x_wconf 91' lang='lat' dir='ltr'><strong>Per</strong></span> <span class='ocrx_word' id='word_1_326' title='bbox 284 3920 439 3984; x_wconf 90' lang='lat' dir='ltr'><strong>dominum</strong></span> <span class='ocrx_word' id='word_1_327' title='bbox 455 3918 509 3996; x_wconf 88' lang='lat'><strong>¹⁰)</strong></span> <span class='ocrx_word' id='word_1_328' title='bbox 531 3919 657 3980; x_wconf 87' lang='lat' dir='ltr'><strong>Petrum</strong></span> <span class='ocrx_word' id='word_1_329' title='bbox 684 3937 833 4000; x_wconf 82' lang='lat' dir='ltr'><strong>rogamus</strong></span> <span class='ocrx_word' id='word_1_330' title='bbox 852 3928 887 3979; x_wconf 90' lang='lat' dir='ltr'><strong>ut</strong></span> <span class='ocrx_word' id='word_1_331' title='bbox 908 3920 939 3979; x_wconf 90' lang='lat' dir='ltr'><strong>in</strong></span> <span class='ocrx_word' id='word_1_332' title='bbox 960 3929 1142 4000; x_wconf 89' lang='lat' dir='ltr'><strong>perpetuum</strong></span> <span class='ocrx_word' id='word_1_333' title='bbox 1163 3923 1347 3994; x_wconf 68' lang='lat' dir='ltr'><strong>serventur!</strong></span> 
     </span>
     <span class='ocr_line' id='line_1_44' title="bbox 117 4002 1348 4090; baseline -0.006 -17"><span class='ocrx_word' id='word_1_334' title='bbox 117 4070 126 4090; x_wconf 72' lang='grc'><em>,</em></span> <span class='ocrx_word' id='word_1_335' title='bbox 202 4010 317 4073; x_wconf 90' lang='lat' dir='ltr'><strong>dictum</strong></span> <span class='ocrx_word' id='word_1_336' title='bbox 340 4013 392 4067; x_wconf 90' lang='lat' dir='ltr'><strong>est</strong></span> <span class='ocrx_word' id='word_1_337' title='bbox 411 4004 519 4066; x_wconf 83' lang='lat' dir='ltr'><strong>sexies</strong></span> <span class='ocrx_word' id='word_1_338' title='bbox 535 4002 598 4082; x_wconf 88' lang='lat'><strong>¹¹).</strong></span> <span class='ocrx_word' id='word_1_339' title='bbox 640 4005 731 4066; x_wconf 89' lang='lat' dir='ltr'><strong>Haeo</strong></span> <span class='ocrx_word' id='word_1_340' title='bbox 752 4012 787 4065; x_wconf 88' lang='lat' dir='ltr'><strong>ut</strong></span> <span class='ocrx_word' id='word_1_341' title='bbox 806 4005 1004 4070; x_wconf 85' lang='lat' dir='ltr'><strong>reserventur</strong></span> <span class='ocrx_word' id='word_1_342' title='bbox 1023 4009 1191 4088; x_wconf 74' lang='lat' dir='ltr'><strong>rogamus!</strong></span> <span class='ocrx_word' id='word_1_343' title='bbox 1222 4007 1348 4067; x_wconf 89' lang='lat' dir='ltr'><strong>Hilarus</strong></span> 
     </span>
     <span class='ocr_line' id='line_1_45' title="bbox 202 4087 1420 4228; baseline -0.005 -70"><span class='ocrx_word' id='word_1_344' title='bbox 202 4087 488 4223; x_wconf 89' lang='lat' dir='ltr'><strong>episcopusdixit:</strong></span> <span class='ocrx_word' id='word_1_345' title='bbox 519 4089 653 4172; x_wconf 82' lang='lat' dir='ltr'><strong>Lege</strong></span> <span class='ocrx_word' id='word_1_346' title='bbox 662 4089 780 4151; x_wconf 88' lang='lat' dir='ltr'><strong>Paulus</strong></span> <span class='ocrx_word' id='word_1_347' title='bbox 802 4090 939 4151; x_wconf 90' lang='lat' dir='ltr'><strong>notarius</strong></span> <span class='ocrx_word' id='word_1_348' title='bbox 959 4092 1122 4153; x_wconf 88' lang='lat' dir='ltr'><strong>recitavit:</strong></span> <span class='ocrx_word' id='word_1_349' title='bbox 1418 4115 1420 4228; x_wconf 35' lang='lat' dir='ltr'>W</span> 
     </span>
    </p>
   </div>
   <div class='ocr_carea' id='block_1_3' title="bbox 227 4281 1419 4704">
    <p class='ocr_par' dir='ltr' id='par_1_3' title="bbox 247 4281 1419 4636">
     <span class='ocr_line' id='line_1_46' title="bbox 247 4281 1419 4360; baseline -0.003 -16"><span class='ocrx_word' id='word_1_350' title='bbox 247 4292 275 4359; x_wconf 90' lang='lat'><strong>¹)</strong></span> <span class='ocrx_word' id='word_1_351' title='bbox 292 4309 342 4344; x_wconf 87' lang='lat' dir='ltr'><strong>non</strong></span> <span class='ocrx_word' id='word_1_352' title='bbox 362 4299 417 4343; x_wconf 83' lang='lat' dir='ltr'><strong>stne</strong></span> <span class='ocrx_word' id='word_1_353' title='bbox 436 4293 501 4344; x_wconf 88' lang='lat' dir='ltr'><strong>Luc</strong></span> <span class='ocrx_word' id='word_1_354' title='bbox 542 4321 578 4332; x_wconf 93' lang='lat'>-</span> <span class='ocrx_word' id='word_1_355' title='bbox 626 4291 824 4360; x_wconf 72' lang='lat' dir='ltr'><strong>²Jtepntorlo</strong></span> <span class='ocrx_word' id='word_1_356' title='bbox 817 4309 844 4344; x_wconf 92' lang='grc' dir='ltr'><strong>ιιι</strong></span> <span class='ocrx_word' id='word_1_357' title='bbox 867 4291 959 4345; x_wconf 87' lang='lat' dir='ltr'><strong>codice</strong></span> <span class='ocrx_word' id='word_1_358' title='bbox 976 4289 1087 4343; x_wconf 78' lang='lat' dir='ltr'><strong>instelli.</strong></span> <span class='ocrx_word' id='word_1_359' title='bbox 1136 4315 1171 4327; x_wconf 89' lang='lat'><em>-</em></span> <span class='ocrx_word' id='word_1_360' title='bbox 1206 4293 1253 4358; x_wconf 78' lang='lat'><strong>³)</strong></span> <span class='ocrx_word' id='word_1_361' title='bbox 1272 4297 1344 4353; x_wconf 62' lang='lat' dir='ltr'><strong>tesan</strong></span> <span class='ocrx_word' id='word_1_362' title='bbox 1417 4281 1419 4340; x_wconf 68' lang='grc' dir='ltr'>ζ</span> 
     </span>
     <span class='ocr_line' id='line_1_47' title="bbox 270 4359 1344 4429; baseline 0.001 -18"><span class='ocrx_word' id='word_1_363' title='bbox 270 4370 472 4413; x_wconf 76' lang='grc' dir='ltr'><strong>ιιιιιιιιιιιιιιιιιι</strong></span> <span class='ocrx_word' id='word_1_364' title='bbox 493 4363 572 4427; x_wconf 80' lang='lat' dir='ltr'><strong>Luc,</strong></span> <span class='ocrx_word' id='word_1_365' title='bbox 595 4363 703 4429; x_wconf 83' lang='lat' dir='ltr'><strong>Lupus,</strong></span> <span class='ocrx_word' id='word_1_366' title='bbox 727 4363 809 4414; x_wconf 85' lang='lat' dir='ltr'><strong>Hard.</strong></span> <span class='ocrx_word' id='word_1_367' title='bbox 850 4391 886 4402; x_wconf 89' lang='lat'>-</span> <span class='ocrx_word' id='word_1_368' title='bbox 930 4362 960 4429; x_wconf 76' lang='grc'><strong>1)</strong></span> <span class='ocrx_word' id='word_1_369' title='bbox 977 4369 1126 4422; x_wconf 80' lang='lat' dir='ltr'><strong>praebeatur</strong></span> <span class='ocrx_word' id='word_1_370' title='bbox 1144 4359 1171 4411; x_wconf 88' lang='lat' dir='ltr'><strong>in</strong></span> <span class='ocrx_word' id='word_1_371' title='bbox 1189 4375 1223 4411; x_wconf 88' lang='lat' dir='ltr'><strong>m.</strong></span> <span class='ocrx_word' id='word_1_372' title='bbox 1240 4359 1279 4412; x_wconf 88' lang='grc' dir='ltr'><strong>Μ.</strong></span> <span class='ocrx_word' id='word_1_373' title='bbox 1312 4387 1344 4397; x_wconf 91' lang='grc'>-</span> 
     </span>
     <span class='ocr_line' id='line_1_48' title="bbox 247 4430 1346 4496; baseline 0.001 -17.015"><span class='ocrx_word' id='word_1_374' title='bbox 247 4430 414 4495; x_wconf 77' lang='lat' dir='ltr'><strong>³Jpertutum</strong></span> <span class='ocrx_word' id='word_1_375' title='bbox 434 4433 465 4484; x_wconf 87' lang='grc' dir='ltr'><strong>ιιι</strong></span> <span class='ocrx_word' id='word_1_376' title='bbox 479 4448 513 4482; x_wconf 89' lang='grc' dir='ltr'><strong>ιιι.</strong></span> <span class='ocrx_word' id='word_1_377' title='bbox 530 4432 568 4483; x_wconf 93' lang='grc' dir='ltr'><strong>Μ</strong></span> <span class='ocrx_word' id='word_1_378' title='bbox 620 4459 654 4470; x_wconf 88' lang='grc'><strong>-</strong></span> <span class='ocrx_word' id='word_1_379' title='bbox 714 4432 743 4496; x_wconf 75' lang='lat'><strong>⁶)</strong></span> <span class='ocrx_word' id='word_1_380' title='bbox 761 4437 792 4483; x_wconf 70' lang='lat' dir='ltr'><strong>Bt</strong></span> <span class='ocrx_word' id='word_1_381' title='bbox 809 4441 927 4484; x_wconf 80' lang='lat' dir='ltr'><strong>statutum</strong></span> <span class='ocrx_word' id='word_1_382' title='bbox 948 4441 989 4482; x_wconf 80' lang='lat' dir='ltr'><strong>eat</strong></span> <span class='ocrx_word' id='word_1_383' title='bbox 1004 4447 1035 4482; x_wconf 85' lang='lat' dir='ltr'><strong>ne</strong></span> <span class='ocrx_word' id='word_1_384' title='bbox 1051 4439 1109 4490; x_wconf 77' lang='lat' dir='ltr'><strong>auid</strong></span> <span class='ocrx_word' id='word_1_385' title='bbox 1126 4435 1193 4481; x_wconf 84' lang='lat' dir='ltr'><strong>uitro</strong></span> <span class='ocrx_word' id='word_1_386' title='bbox 1209 4438 1346 4491; x_wconf 76' lang='grc' dir='ltr'><strong>Ιιιιιιιιιιιοιιι</strong></span> 
     </span>
     <span class='ocr_line' id='line_1_49' title="bbox 273 4500 1346 4564; baseline 0.002 -16"><span class='ocrx_word' id='word_1_387' title='bbox 273 4515 289 4548; x_wconf 85' lang='grc' dir='ltr'><strong>ι</strong></span> <span class='ocrx_word' id='word_1_388' title='bbox 305 4507 475 4551; x_wconf 73' lang='lat' dir='ltr'><strong>coamantibus</strong></span> <span class='ocrx_word' id='word_1_389' title='bbox 492 4510 665 4561; x_wconf 84' lang='lat' dir='ltr'><strong>praesumatur</strong></span> <span class='ocrx_word' id='word_1_390' title='bbox 688 4501 772 4550; x_wconf 83' lang='lat' dir='ltr'><strong>add.</strong></span> <span class='ocrx_word' id='word_1_391' title='bbox 765 4518 792 4552; x_wconf 87' lang='grc' dir='ltr'><strong>ιι</strong></span> <span class='ocrx_word' id='word_1_392' title='bbox 811 4503 868 4553; x_wconf 85' lang='lat' dir='ltr'><strong>cod.</strong></span> <span class='ocrx_word' id='word_1_393' title='bbox 888 4501 1000 4553; x_wconf 84' lang='lat' dir='ltr'><strong>tastetti.</strong></span> <span class='ocrx_word' id='word_1_394' title='bbox 1041 4525 1076 4538; x_wconf 91' lang='lat'><em>-</em></span> <span class='ocrx_word' id='word_1_395' title='bbox 1124 4500 1152 4564; x_wconf 77' lang='grc'><strong>1)</strong></span> <span class='ocrx_word' id='word_1_396' title='bbox 1170 4507 1346 4550; x_wconf 77' lang='grc' dir='ltr'><strong>Βινιιιιοιιιιιιι</strong></span> 
     </span>
     <span class='ocr_line' id='line_1_50' title="bbox 272 4567 1312 4636; baseline 0.003 -19"><span class='ocrx_word' id='word_1_397' title='bbox 272 4567 300 4617; x_wconf 91' lang='lat' dir='ltr'><strong>in</strong></span> <span class='ocrx_word' id='word_1_398' title='bbox 321 4581 355 4616; x_wconf 87' lang='grc' dir='ltr'><strong>ιιι.</strong></span> <span class='ocrx_word' id='word_1_399' title='bbox 381 4567 418 4617; x_wconf 92' lang='grc' dir='ltr'><strong>Μ.</strong></span> <span class='ocrx_word' id='word_1_400' title='bbox 469 4595 506 4608; x_wconf 87' lang='lat'><strong>·-</strong></span> <span class='ocrx_word' id='word_1_401' title='bbox 565 4573 594 4636; x_wconf 67' lang='grc'><strong>8)</strong></span> <span class='ocrx_word' id='word_1_402' title='bbox 617 4577 749 4621; x_wconf 67' lang='lat' dir='ltr'><strong>lateralium</strong></span> <span class='ocrx_word' id='word_1_403' title='bbox 772 4571 836 4622; x_wconf 86' lang='lat' dir='ltr'><strong>Luc.</strong></span> <span class='ocrx_word' id='word_1_404' title='bbox 888 4597 923 4608; x_wconf 88' lang='lat'><em>-</em></span> <span class='ocrx_word' id='word_1_405' title='bbox 983 4568 1012 4635; x_wconf 80' lang='grc'><strong>1)</strong></span> <span class='ocrx_word' id='word_1_406' title='bbox 1034 4577 1158 4632; x_wconf 71' lang='lat' dir='ltr'><strong>teneretur</strong></span> <span class='ocrx_word' id='word_1_407' title='bbox 1178 4569 1312 4620; x_wconf 82' lang='lat' dir='ltr'><strong>Luc.—</strong></span> 
     </span>
    </p>

    <p class='ocr_par' dir='ltr' id='par_1_4' title="bbox 227 4636 942 4704">
     <span class='ocr_line' id='line_1_51' title="bbox 227 4636 942 4704; baseline 0.011 -19"><span class='ocrx_word' id='word_1_408' title='bbox 227 4637 275 4702; x_wconf 75' lang='lat'><strong>10)</strong></span> <span class='ocrx_word' id='word_1_409' title='bbox 293 4643 406 4689; x_wconf 78' lang='lat' dir='ltr'><strong>domnum</strong></span> <span class='ocrx_word' id='word_1_410' title='bbox 423 4636 478 4688; x_wconf 86' lang='lat' dir='ltr'><strong>Luc</strong></span> <span class='ocrx_word' id='word_1_411' title='bbox 521 4665 556 4676; x_wconf 93' lang='lat'>-</span> <span class='ocrx_word' id='word_1_412' title='bbox 597 4639 658 4704; x_wconf 83' lang='grc' dir='ltr'><strong>ΙΙ)</strong></span> <span class='ocrx_word' id='word_1_413' title='bbox 664 4647 791 4699; x_wconf 75' lang='lat' dir='ltr'><strong>minuatur</strong></span> <span class='ocrx_word' id='word_1_414' title='bbox 808 4642 942 4692; x_wconf 80' lang='lat' dir='ltr'><strong>Luc.-</strong></span> 
     </span>
    </p>
   </div>
   <div class='ocr_carea' id='block_1_4' title="bbox 0 0 1438 5042">
    <p class='ocr_par' dir='ltr' id='par_1_5' title="bbox 0 0 1438 5042">
     <span class='ocr_line' id='line_1_52' title="bbox 0 0 1438 5042; baseline 0 0"><span class='ocrx_word' id='word_1_415' title='bbox 0 0 1438 5042; x_wconf 95' lang='lat' dir='ltr'><strong> </strong></span> 
     </span>
    </p>
   </div>
  </div>
 </body>
</html>
