2874 5044
169 194 215 260 ss
443 189 686 260 cononica
705 191 1000 262 insonuisse
1020 149 1073 284 ii.
1170 299 1172 308 ‚

191 361 307 430 nxvi
326 361 379 434 ns
392 365 592 432 samanae
605 385 695 432 cca.
710 365 895 432 eccm
907 363 1087 432 cenae
1099 327 1302 444 crinon-i

257 451 479 532 Nonoportet
499 451 630 518 clericos
652 471 775 518 comam
795 454 911 518 nutsim
932 461 967 518 et
986 453 1035 514 sic
1054 451 1251 530 ministrare„
1265 449 1329 514 sed

174 543 301 602 attonso
324 533 439 619 capite,
459 537 640 621 patentibus
661 539 796 620 auribus,
817 547 852 602 et
871 537 1045 604 secundnm
1068 529 1175 602 daron
1195 535 1329 600 talarem

173 631 302 686 vestem
322 621 470 712 induere,
500 631 537 686 nt
561 626 625 687 sint
653 624 685 686 in
712 623 822 688 habitu
849 619 1051 700 ordinat01).

994 709 1127 770 (Caclius.
1139 709 1192 770 iu,
1210 711 1254 757 si.
1268 707 1329 770 lii.)

208 791 339 861 inivit
379 774 506 875 Noa‘2)
531 793 630 860 liceat
645 794 785 878 psalmis
802 794 947 878 poeticos
969 795 1005 858 ia
1029 794 1163 860 ecclesia
1184 795 1294 858 dicere

457 899 516 944 nec
531 879 566 961 ²)
594 880 690 943 libres
711 879 902 964 apocryphos
923 877 1038 964 legere.

259 981 334 1049 Non
361 991 487 1066 oportet
512 983 651 1065 psalmos
678 983 870 1063 compositos
897 990 931 1046 at
956 984 1106 1066 vulgares
1131 980 1164 1044 in
1188 980 1332 1044 ecclesia

175 1065 300 1152 dicere,
321 1088 424 1151 neque
445 1070 540 1132 libros
561 1065 711 1151 quisunt
732 1077 822 1132 extra
842 1087 995 1132 canonem
1015 1069 1138 1154 legere,
1159 1063 1222 1130 nisi
1242 1066 1331 1130 solos

175 1155 347 1220 canonicos
367 1156 442 1218 novi
464 1163 497 1219 et
516 1153 637 1218 veteris
659 1153 848 1218 testamenti.
1136 1171 1253 1232 (macic
1272 1171 1332 1230 ce.)

216 1281 360 1346 cxviii
401 1278 476 1348 Noc
503 1275 603 1346 liceat
621 1301 717 1366 saper
736 1287 939 1406 mopsonecia
959 1287 1153 1348 mationem
1172 1283 1291 1346 missas

261 1451 336 1515 Non
366 1460 489 1533 oportet
519 1452 652 1516 clericos
672 1368 870 1537 timisi&
886 1451 920 1532 ³)
954 1451 1209 1536 praesumptores
1237 1467 1336 1532 super

178 1546 382 1602 monumenta
401 1539 433 1599 in
446 1541 565 1619 'campo
587 1537 803 1618 ministeria⁸J
830 1546 954 1621 portare
981 1545 1037 1601 ant
1063 1539 1248 1600 distribuere
1277 1555 1338 1600 sa-

180 1631 358 1706 cramenta,
385 1623 445 1686 se'd
471 1622 587 1687 autin
615 1626 754 1688 ecclesia
782 1633 838 1687 aut
866 1624 898 1686 in
928 1623 1058 1688 basilica
1081 1621 1135 1687 nbi
1162 1631 1338 1706 martyrum

179 1709 330 1794 reliquiae
350 1716 425 1773 suut
445 1708 631 1792 depositae,
658 1711 702 1776 ibi
720 1729 775 1794 pro
797 1709 956 1776 detnctis
975 1710 1163 1773 oblationem
1184 1708 1307 1772 offerre.

292 1829 297 1847 r
1056 1797 1188 1870 (incestas
1205 1797 1336 1858 crimnis.)

203 1884 364 1968 mxc)
405 1881 481 1952 Nou
501 1884 600 1952 liceat
624 1885 817 1952 Christianis
832 1884 977 1968 praisdis
997 1885 1035 1948 ia
1047 1882 1081 1965 ⁸)
1101 1887 1307 1946 monento

265 2057 340 2120 Non
368 2059 464 2122 liceat
490 1980 835 2141 christianisppiiiiii'a
862 2057 903 2122 ad
930 2055 1144 2120 defimotorum
1165 2054 1337 2136 sepulchra

179 2138 303 2207 deferre
323 2151 358 2206 ct
377 2143 535 2208 sacrificia
554 2144 684 2208 reddere
705 2153 894 2208 mortuorum
916 2141 975 2206 deo
987 2144 1031 2222 ⁰).
1064 2161 1336 2222 (lacesscentes.)

203 2269 306 2334 ixx,
327 2267 401 2336 Noc
417 2270 515 2333 liceat
529 2270 654 2334 clericis
669 2270 784 2348 oel10)
800 2270 894 2333 laicis
909 2269 1076 2333 catholicis
1092 2271 1131 2334 ch
1146 2270 1320 2336 haereticis

253 2355 398 2440 eulogias
420 2359 564 2441 campere
586 2364 649 2422 aiii*
665 2377 735 2420 cam
756 2358 835 2440 ipsis
855 2354 907 2419 ael
925 2356 1140 2420 schismaticis
1162 2375 1265 2426 orare.

283 2459 358 2523 Non
386 2461 481 2524 liceat
509 2461 633 2524 clericis
654 2461 706 2522 vel
728 2461 818 2524 laicis
838 2459 1004 2522 catholicis
1026 2460 1065 2522 ab
1086 2458 1257 2523 haereticis
1278 2478 1341 2522 eu·
1413 2477 1414 2482 ¹

183 2543 288 2630 logias
317 2544 484 2628 accipere,
518 2547 591 2628 quia
619 2545 859 2610 maledictiones
886 2554 961 2608 suut
985 2545 1089 2627 magis
1116 2563 1209 2625 quam
1236 2543 1341 2608 hene-

183 2629 364 2715 dictiones,
393 2651 497 2716 neque
526 2633 623 2696 liceat
653 2640 709 2696 aut
738 2651 811 2696 cnm
840 2630 1011 2693 haereticis
1040 2638 1096 2692 aut
1126 2631 1341 2694 schismaticis

183 2735 283 2781 ome·
948 2753 951 2761 ·
1084 2717 1200 2776 (Laudic.
1218 2719 1263 2768 32.
1279 2720 1342 2783 38)

153 2833 159 2844 ·
238 2801 356 2866 LXXI.
409 2799 484 2866 Noc
518 2801 617 2864 liceat
651 2801 845 2865 mittanis
877 2798 1110 2866 ohservationes
1141 2803 1286 2868 dicaeus

642 2888 808 2952 aiieccderc
824 2886 888 2967 ¹¹).
1070 2956 1079 2963 ,

194 3039 200 3045 .
274 2969 312 3036 si
325 2971 397 3054 quis
416 2991 609 3056 paganorum
630 2971 889 3036 consuetudinem
909 2991 1048 3054 sequens
1069 2973 1193 3037 divinos
1213 2982 1247 3038 et
1268 2993 1343 3039 sor·-

185 3057 305 3141 tilegos
326 3059 358 3120 in
379 3057 470 3122 domo
491 3078 551 3122 sua
571 3059 789 3140 introduxerit,
809 3055 900 3140 quasi
920 3066 956 3119 ut
976 3060 1091 3122 melum
1111 3060 1196 3122 foras
1216 3061 1343 3125 mittant

159 3151 244 3226 ,ant
278 3141 434 3210 maleficia
466 3145 625 3206 inveniant
660 3145 716 3206 vel
748 3143 952 3208 lustrationes
984 3163 1176 3228 paganorum
1190 3143 1195 3154 '
1210 3145 1341 3229 faciant,

186 3229 324 3316 quinque
346 3229 436 3292 annis
455 3227 680 3310 poeniteutiam
700 3225 858 3311 agat12).
1157 3249 1262 3312 (scm.
1282 3251 1344 3314 si.)

206 3361 337 3426 LXXII.
365 3358 440 3426 Non
460 3359 560 3425 liceat
584 3359 777 3423 Christianis
798 3364 907 3420 testere
928 3356 1120 3423 traditiones
1140 3359 1326 3445 gentilium,

380 3447 545 3510 ohservare
566 3447 660 3509 lacae
682 3453 739 3508 act
753 3442 808 3523 ¹³)
829 3441 992 3506 stellarum
1014 3464 1148 3507 cursum.
1321 3515 1328 3526 ἱ

274 3535 349 3598 Non
375 3532 470 3594 liceat
491 3533 678 3594 Christianis
707 3539 816 3591 tenere
836 3526 1021 3592 traditiones
1040 3527 1205 3611 gentilium
1227 3539 1261 3595 et
1281 3531 1346 3594 oh-

189 3638 320 3688 servare
335 3619 401 3680 'vel
430 3618 534 3680 colere
562 3618 717 3680 elementa
746 3623 801 3677 ant
829 3615 922 3676 lunae
949 3622 1004 3676 aut
1029 3614 1189 3685 stellarum
1217 3635 1344 3679 cursum

189 3714 247 3770 aut
267 3689 390 3768 iniiuem
411 3704 570 3787 signornm
592 3703 744 3766 fallaciam
772 3719 828 3781 pro
856 3699 947 3784 domo
974 3698 1118 3763 iacienda
1146 3699 1200 3762 vel
1227 3701 1269 3768 ad
1287 3701 1344 3780 ¹⁴)

189 3798 325 3875 segetes
355 3789 409 3852 vel
447 3789 574 3852 arbores
612 3785 799 3868 plantandas
838 3784 893 3848 vel
930 3782 1076 3868 conjugia
1111 3785 1263 3852 socianda
1278 3785 1351 3870 Η),’

188 3947 388 3968 Μ

234 4026 264 4096 1)
283 4030 370 4076 eraclo
387 4022 417 4076 in
435 4042 459 4076 m
486 4023 524 4076 M.
540 4054 575 4066 -
593 4024 662 4076 Vide
681 4023 764 4078 Cone.
781 4021 956 4076 Barcinoni.
974 4022 1036 4076 ci.
1063 4049 1100 4063 -
1129 4019 1159 4090 ²)
1175 4025 1216 4075 lie
1233 4039 1263 4075 ee
1280 4029 1346 4083 caol

135 4135 141 4156 .
259 4095 365 4150 ²1ch.
382 4093 445 4146 inde
463 4095 496 4146 ab
513 4093 564 4148 hoc
581 4112 638 4148 cen.
655 4110 741 4162 usqne
761 4093 793 4147 ad
812 4092 854 4146 74.
893 4120 929 4133 ·-
977 4090 1117 4160 Otacilii.
1150 4119 1187 4132 —
1235 4092 1353 4159 ⁴)ssiso·

257 4182 313 4218 scot
338 4173 423 4216 ichen
447 4163 476 4216 in
500 4169 535 4228 t,
558 4175 648 4218 cossas
669 4171 752 4218 teceri
774 4163 802 4216 in
826 4179 860 4214 m.
883 4161 920 4214 Μ.
971 4183 1009 4202 ·-·
1073 4161 1103 4230 ὅ)
1127 4171 1172 4215 oct
1195 4162 1228 4216 T.
1242 4163 1268 4214 2.
1302 4189 1345 4220 ,-

234 4236 265 4305 8)
283 4243 399 4300 mysteria
417 4233 450 4285 T.
466 4236 508 4297 2.,
534 4243 560 4286 ia
579 4252 687 4297 cooipnm
704 4242 822 4300 crucieris
838 4231 868 4286 in
883 4248 917 4284 m.
934 4231 972 4283 Μ.
1007 4257 1044 4272 -
1092 4231 1121 4300 l)
1146 4231 1199 4284 Hic
1215 4229 1347 4300 incipiuni

264 4311 378 4368 Oapiiala
396 4313 430 4357 ccl
446 4311 525 4360 iaicas
540 4314 690 4368 pertinentia
707 4321 750 4374 ap.
768 4303 805 4356 M.
840 4331 876 4342 ·-
919 4303 948 4370 ⁸)
966 4308 1000 4354 ad
1016 4301 1054 4354 M.
1087 4329 1135 4360 ···.
1172 4300 1202 4369 ⁹)
1220 4311 1245 4354 ei
1262 4309 1345 4354 sacri·

261 4381 433 4440 ilcareaere
450 4383 602 4426 marinarios
618 4375 664 4426 AE.
684 4375 740 4426 BR.
758 4375 792 4426 T.
808 4373 832 4426 1.
847 4374 888 4437 2.,
908 4376 936 4423 et
952 4371 988 4424 M.
1024 4401 1059 4430 -.-
1099 4370 1149 4438 1⁰)
1166 4380 1221 4424 sice
1237 4371 1275 4424 M.
1308 4399 1345 4413 -

215 4448 249 4488 ¹¹
289 4451 328 4500 Dc
351 4452 390 4496 his
413 4453 455 4506 cal
476 4451 607 4508 sociilcooc
629 4452 657 4495 ia
679 4452 776 4496 domm
797 4458 868 4496 suom
890 4449 1050 4496 introducant
1073 4439 1101 4493 iu
1124 4457 1158 4492 m.
1180 4441 1219 4494 M.
1258 4469 1293 4482 -·
1399 4451 1404 4457 ·

216 4517 251 4577 ¹²
291 4521 365 4576 acaci
389 4514 427 4566 M.
479 4541 515 4556 ·-·
573 4512 622 4580 ¹³)
647 4523 672 4565 ei
693 4511 729 4566 M.
782 4515 818 4556 -ὲ
876 4510 926 4579 1⁴)
949 4519 993 4564 aot
1015 4517 1117 4574 macter
1141 4511 1168 4562 in
1186 4526 1221 4564 m.
1238 4507 1276 4563 M.
1310 4533 1346 4548 -·

218 4584 269 4654 Η)
288 4584 373 4639 Verba
390 4593 431 4636 cci
447 4594 481 4638 sci
497 4594 595 4650 sepcies
611 4591 658 4637 etc.
677 4583 773 4637 desunt
790 4591 832 4652 ap.
849 4581 887 4635 M.
908 4589 911 4602 '
