2868 5040
189 219 258 298 Μ
377 291 381 294 .
474 221 717 294 concurrum
742 221 1000 293 summouet
1019 221 1057 288 ll.

194 409 267 460 cum
291 389 482 480 mlogllms
505 397 575 461 suls
602 403 766 478 maneant,
793 409 850 478 pro
871 409 934 478 qna
953 409 988 459 re
1008 391 1072 457 boo
1091 387 1213 475 placuit
1238 387 1361 452 obser-

148 495 290 564 vrato,
319 489 357 545 ut
385 485 644 566 quotiescumque
671 481 922 566 archipresbyter
949 495 1008 543 seu
1035 476 1166 542 invice
1195 475 1360 538 manserit

194 579 256 632 sou
285 565 327 630 ad
355 567 462 630 villam
493 585 584 630 suam
615 568 841 650 ambulaverit,
876 583 958 629 uuus
993 566 1092 627 lector
1122 561 1359 625 canonicorum

191 665 323 719 suorum
342 659 398 716 aot
417 661 525 716 certus
544 653 655 734 aliquis
675 653 716 716 de
735 671 862 715 numero
889 651 1069 714 clericorum
1095 665 1167 710 eurr
1195 647 1251 708 illo
1281 663 1358 706 am·

195 729 299 820 bulet,
327 746 360 801 et
384 739 417 800 in
443 739 523 802 cella
547 740 601 801 ubi
619 739 671 800 ille
696 737 787 818 jacet
805 739 922 800 lectum
942 735 1059 798 babeat
1078 752 1133 815 pro
1153 731 1356 794 testimonio.

197 823 331 906 Septem
350 829 457 886 tamon
477 817 559 886 inter
577 823 790 886 montannos
809 831 844 886 et
863 823 1001 890 lectores
1021 819 1072 882 vel
1098 819 1198 880 laicos
1227 816 1356 878 babeat

197 919 373 972 concessos
384 954 395 991 ,
427 909 482 992 qui
507 909 649 972 vicissim
677 910 871 990 septimanas
902 925 974 971 oum
1004 907 1055 968 illo
1082 905 1189 966 facere
1218 903 1355 963 omnino

147 1007 157 1019 “
196 1001 373 1076 procurent,
400 1002 434 1056 et
454 995 507 1076 qui
527 992 694 1077 distulerit,
716 992 892 1078 lirstlgetur.
933 993 977 1054 ut
996 993 1025 1054 ei
1045 993 1076 1052 in
1097 990 1158 1051 hoe
1176 988 1355 1069 presbyter

197 1077 367 1162 negligens
395 1080 543 1143 inventus
564 1080 656 1143 fuerit
674 1075 759 1162 ipnod
777 1097 840 1141 non
861 1079 922 1142 hoo
943 1077 991 1139 sio
1012 1073 1140 1156 implere
1161 1071 1354 1152 contendat,

196 1163 326 1248 triginta
345 1163 457 1228 diebus
480 1167 694 1230 communione
721 1166 875 1249 privetur,
903 1161 1005 1225 donec
1023 1159 1247 1242 poenitentiam
1271 1165 1356 1240 agat

199 1257 234 1312 et
255 1251 303 1313 sic
323 1259 498 1313 revertatur
517 1251 558 1314 ad
579 1253 721 1333 gratiam.
762 1248 887 1331 Reliqui
912 1244 1088 1330 presbyteri
1104 1253 1147 1308 ›et
1166 1241 1294 1306 diaconi
1316 1251 1354 1303 et

198 1333 382 1397 subdiaconi
400 1335 504 1398 vicani
524 1335 586 1396 hoo
606 1335 710 1398 studio
730 1351 769 1396 se
790 1332 984 1414 custodiant,
1013 1340 1050 1394 ut
1074 1329 1263 1410 mancipiola
1290 1345 1354 1390 sna

199 1416 242 1482 lbi
264 1425 411 1480 maneant
429 1419 482 1481 ubi
503 1437 620 1483 uxores
640 1437 735 1502 suae;
760 1419 804 1480 illi
824 1427 929 1481 tamen
950 1417 1143 1500 segregatim
1163 1413 1298 1476 solitarii
1318 1415 1354 1474 in

198 1501 283 1566 cella·
308 1501 441 1584 jaceant
465 1512 499 1567 et
524 1512 614 1568 orent
635 1505 973 1578 attaminatum
994 1503 1046 1584 qui
1067 1517 1182 1562 uxores
1203 1517 1268 1561 non
1290 1498 1354 1560 ha-

199 1579 291 1670 bent,
311 1587 344 1652 in
363 1597 453 1669 porte
474 1590 515 1652 de
535 1591 729 1672 mancipiolis
748 1590 814 1652 suia
834 1588 971 1651 habeant
991 1587 1121 1650 cellulas
1141 1585 1351 1678 segregatim,

200 1671 254 1735 ubi
283 1681 317 1738 et
341 1671 403 1756 ipsi
429 1673 535 1737 itidem
562 1685 597 1738 et
625 1682 715 1737 orent
740 1675 905 1757 segregati
931 1682 965 1735 et
990 1672 1151 1735 dormiant.
1205 1671 1292 1731 Nam
1321 1687 1352 1730 sr

197 1759 350 1822 hrvebtus
381 1759 490 1823 fuerit-
506 1762 673 1844 presbyter
705 1777 777 1821 cum
809 1776 870 1822 sua
900 1757 1084 1843 presbytera
1113 1762 1168 1818 aut
1195 1754 1353 1816 diaconus

200 1853 272 1908 tura
299 1854 358 1908 sua
385 1845 563 1910 diaconissa
596 1853 651 1910 aut
675 1843 887 1908 subdiaconus
914 1849 985 1906 cuin
1013 1861 1073 1906 sua
1097 1837 1350 1918 srrbdiaoonisee,

201 1941 316 1992 annum
346 1921 502 2014 iuteg'rum
534 1932 823 1994 excommunicatus
859 1930 1011 2008 habeatur
1049 1935 1083 1990 et
1112 1925 1280 2006 depositus
1310 1925 1350 1986 ab

201 2015 284 2076 omni
305 2013 409 2076 officio
430 2016 567 2080 clericali
593 2020 673 2080 inter
698 2018 798 2081 laicos
824 2033 862 2077 se
888 2016 1057 2076 observare
1087 2019 1282 2094 eognoscat,
1309 2027 1349 2070 eo

201 2105 307 2160 tamen
327 2101 494 2183 permisso,
516 2111 553 2164 ut
573 2103 653 2164 lntcr
672 2100 809 2164 lectores
830 2099 861 2162 in
881 2095 1076 2180 psallentium
1097 2096 1191 2159 oboro
1214 2095 1351 2176 colliga-

202 2191 259 2243 tur.
291 2182 338 2242 llli
352 2203 428 2247 vero
449 2184 710 2268 archipresbyteri
731 2185 898 2266 qui-talem
919 2184 1076 2247 cautelam
1096 2199 1192 2261 super
1208 2177 1350 2260 juniores

201 2283 279 2329 suos
298 2265 415 2328 habere
434 2270 587 2332 noluerint
607 2280 642 2332 et
662 2288 724 2331 non
744 2288 803 2330 eos
823 2269 987 2332 habuerint
1007 2267 1111 2330 studio
1132 2265 1350 2348 distringendi,

201 2351 242 2415 ab
264 2351 415 2434 episeopo
435 2372 494 2416 suo
514 2355 547 2418 in
568 2353 698 2418 civitate
719 2353 915 2416 retrudantur
933 2355 965 2416 in
986 2354 1105 2432 cellam,
1120 2352 1225 2432 ibique
1240 2370 1350 2412 mense

120 2487 123 2492 .
201 2436 325 2522 integro
346 2454 459 2518 panem
480 2453 551 2504 oum
572 2459 655 2522 aque
675 2440 863 2514 manducent
883 2447 917 2502 et
935 2435 1156 2520 poenitentiam
1175 2444 1274 2518 agant
1295 2454 1350 2518 pro

202 2523 263 2591 sibi
292 2523 410 2588 credito
438 2525 537 2609 olere,
566 2524 640 2608 quia
666 2523 742 2588 nulli
767 2523 1060 2605 clericorum-juxta
1079 2523 1268 2584 sententiam
1291 2540 1350 2582 ca·

81 2635 84 2646 2
201 2626 317 2672 nonum
339 2607 410 2673 oum
430 2609 567 2694 conjuge
587 2631 646 2676 sua
666 2630 792 2672 manere
813 2607 1007 2690 permittitur.
1048 2610 1093 2670 Et
1113 2605 1185 2689 quia
1206 2607 1351 2669 haeresis
1381 2617 1386 2634 ⁸

201 2693 426 2758 Nicolaitarum
454 2715 509 2776 per
535 2695 659 2762 Nicolai
685 2696 868 2759 facilitatem
896 2695 1045 2774 surrexit,
1072 2693 1124 2754 ubi
1149 2693 1266 2774 legitur
1286 2693 1351 2756 ista

202 2777 345 2840 haeresis
370 2779 619 2862 presbyterorum
647 2799 669 2844 a
696 2799 757 2862 qno
785 2779 968 2862 presbytero
994 2781 1124 2860 primum
1153 2771 1350 2842 surrexerit?

82 2935 84 2946 Ι
202 2862 307 2925 nullus
332 2865 435 2944 potuit
463 2866 630 2930 aestimare
657 2865 741 2948 quod
767 2862 896 2927 auderet
922 2866 991 2944 ille,
1020 2863 1073 2944 qui
1099 2881 1214 2943 eorpus
1235 2862 1350 2924 domini

203 2957 379 3028 consecret,
394 2947 469 3012 talia
487 2961 677 3032 perpetrare,
698 2949 757 3012 nisi
778 2959 919 3031 ternpore
940 2950 1185 3028 novissimo‘pro
1207 2949 1350 3028 peccatis

202 3033 319 3108 nostris
338 3034 392 3094 illa
411 3045 621 3100 surrexerunt.
653 3037 689 3098 Si
709 3036 751 3097 illi
773 3036 897 3096 diaconi
910 3033 941 3112 ¹)
956 3035 1113 3096 sententia
1130 3033 1350 3114 episcoporum

203 3109 340 3209 damnati
364 3125 438 3176 sunt
458 3126 493 3178 et
512 3117 664 3181 baeretici
684 3121 835 3200 reputati,
857 3121 945 3182 ao-si
960 3118 1041 3180 talos
1063 3117 1185 3182 diaconi
1206 3119 1250 3180 illi
1270 3119 1349 3180 sub·

198 3207 309 3278 Jaoent
328 3199 537 3274 maledictioni
557 3220 637 3283 quos
657 3210 777 3284 patrum
797 3211 918 3265 statuta
937 3223 993 3284 pro
1014 3203 1074 3264 hae
1095 3219 1194 3265 eausa
1217 3203 1350 3265 damna-

201 3291 293 3346 runt:
326 3283 400 3365 quid
428 3286 471 3351 illi
496 3283 639 3350 infelices
664 3287 840 3368 presbyteri
866 3289 919 3368 qui
945 3289 999 3351 tali
1020 3295 1095 3356 sunt
1114 3296 1250 3366 peccato
1271 3291 1350 3350 sub-

81 3373 87 3382 '
198 3366 296 3449 jecti,
322 3376 360 3432 ut
380 3370 459 3433 alios
478 3372 603 3439 trahant
623 3375 656 3436 iu
676 3391 829 3453 praeceps
849 3391 959 3435 secum
988 3373 1042 3453 qni
1069 3391 1126 3432 eos
1155 3373 1211 3432 toli
1241 3372 1350 3434 ordine

200 3454 310 3524 vivere
341 3463 494 3538 cernunt,
525 3466 560 3520 et
592 3460 645 3540 qui
673 3458 822 3521 deberent
851 3475 926 3520 esse
953 3457 1050 3521 torma
1077 3458 1262 3539 praecepti,
1288 3457 1350 3539 ipsi

198 3537 396 3604 inveniantur
422 3560 529 3604 norma
555 3539 708 3624 peceati?
745 3535 865 3606 rectius
886 3549 938 3605 est
957 3549 1110 3622 utcaput
1128 3542 1300 3604 morbidum
1322 3544 1349 3605 si

200 3625 302 3689 errari
320 3641 383 3687 non
402 3633 509 3706 potest
529 3637 715 3711 amputetur,
732 3645 824 3707 quam
845 3641 926 3709 grex
947 3645 1002 3707 per
1022 3625 1165 3690 eumdem
1185 3626 1349 3694 inficiatur.

200 3709 288 3770 'l'alis
315 3727 392 3792 ergo
420 3711 581 3774 sacerdos·
598 3721 632 3776 et
657 3723 765 3794 pastor
794 3731 856 3773 non
882 3711 978 3774 debet
1005 3730 1026 3772 a
1052 3711 1165 3790 populo
1193 3713 1348 3793 venerari,

200 3791 259 3889 sed
286 3796 373 3871 renui
398 3793 534 3875 quinon
555 3797 682 3860 formam
703 3795 886 3876 disciplinae
907 3795 966 3858 sed
989 3794 1058 3858 vitii
1078 3795 1175 3857 docet
1195 3793 1270 3860 dum
1292 3817 1347 3862 ee·

198 3893 301 3956 ipsum
321 3897 383 3942 noa
405 3880 549 3963 corrigio

207 4011 279 4080 XX.
307 4011 358 4074 De
379 4015 557 4096 uirginibus
578 4019 612 4078 et
632 4005 762 4096 reliquia
784 4006 967 4078 caetitatem
982 4011 1137 4098 professis
1158 4013 1210 4076 uel
1231 4012 1338 4078 viduis

158 4177 169 4181 -
292 4117 376 4180 quae
390 4101 467 4180 posi
487 4105 644 4164 metram
664 4102 952 4182 ceetom‘coajug'io
973 4102 1141 4184 copulatae
1160 4106 1248 4162 tunt.

276 4199 417 4280 Etonia
443 4200 475 4264 in
498 4203 660 4282 sententia
684 4219 798 4283 papae
815 4202 986 4264 lnnooentii
1007 4201 1048 4264 od
1069 4197 1256 4282 victricium
1277 4200 1345 4280 epi-

141 4316 149 4323 s
199 4286 328 4360 scopum
349 4285 617 4366 liotomagensen
637 4287 703 4348 lata
723 4287 837 4370 legitur
854 4288 1006 4368 seriptum
1020 4287 1062 4349 de
1075 4285 1252 4368 virginibus
1264 4304 1344 4366 quae

200 4363 327 4430 (thieto
349 4367 549 4462 munditer
568 4379 740 4450 amoenam
762 4379 796 4438 ot
812 4373 910 4436 valae
931 4391 951 4438 a
971 4370 1138 4438 summoto
1159 4378 1346 4450 marmurae,

201 4505 398 4525 m·-

240 4578 268 4656 1)
284 4576 391 4636 nuttam
410 4586 468 4638 add.
488 4587 552 4651 neg.
571 4586 614 4655 It,
631 4603 654 4638 a.
689 4613 723 4632 .-
