2874 5044
161 265 183 330 ι
440 267 684 338 coucmrun
705 237 1048 352 namnamsmmr
1136 230 1138 238 ¹
1220 369 1222 374 .

274 436 358 502 xm.
392 439 445 506 De
465 442 643 527 virginibus
663 443 723 510 dec
743 453 882 515 secutis
902 455 933 518 si
946 452 1215 521 'adulteraverint
1230 495 1240 532 a

180 606 185 621 ⁸
247 521 397 610 Virgines
426 546 507 610 quae
534 548 573 592 se
593 529 659 605 deo,
676 531 863 599 dicaverunt
880 536 941 619 ¹),
962 539 991 602 si
1017 550 1144 620 pactum
1169 537 1318 623 perdide·

163 615 223 672 rrnt
241 608 276 690 ²)
305 611 496 696 virginitatis
522 621 617 698 atque
641 614 746 688 eidem
768 621 886 685 libidini
906 624 1088 707 servierint,
1118 647 1180 690 non
1200 628 1318 690 intelli*

163 701 280 776 gentes
299 697 372 778 quid
395 698 577 762 admiserint
594 698 645 782 ³),
671 704 792 784 placuit
812 708 926 770 necin
946 707 1040 774 finem
1057 710 1091 790 ³)
1112 713 1161 774 eis
1182 711 1316 778 dandam

163 797 238 880 esse
259 783 515 850 communionem.
555 779 677 862 Quodsi
704 791 803 864 semel
832 810 1004 874 persuasae
1030 803 1086 857 aut
1112 796 1221 862 infirmi
1242 817 1314 860 cor-

160 882 246 945 pona
281 865 373 949 lapsu
400 868 532 933 vitiatae
562 869 646 933 omni
661 869 697 951 ⁴)
733 882 874 958 tempore
901 879 990 941 vitae
1026 895 1107 944 suae
1138 881 1313 963 hujusmodi

160 950 314 1014 foeminae
340 954 464 1038 egerint
490 955 731 1041 poenitentiam,
757 971 794 1024 ut
821 961 999 1028 abstineant
1027 982 1065 1027 se
1092 983 1112 1028 a
1142 970 1245 1050 coitu,
1274 987 1313 1030 ec

159 1037 243 1118 quod
263 1039 373 1120 lapsae
393 1041 499 1122 potius
518 1040 706 1126 videantur,
734 1045 855 1128 placuit
876 1065 933 1111 eas
953 1049 985 1112 in
1005 1048 1100 1114 linem
1116 1051 1151 1131 ὅ)
1171 1069 1313 1130 commu·

158 1124 281 1186 uionem
301 1124 447 1209 accipere
468 1124 594 1190 debere.

272 1239 360 1341 lilV.
401 1241 455 1310 Da
474 1243 654 1332 cirginibus
675 1251 889 1316 sccmdaribas
909 1250 941 1318 si
960 1255 1205 1319 moechaverint.
1265 1281 1269 1286 ·

243 1327 394 1414 Vrr‘gines
414 1350 496 1414 quae
516 1335 728 1417 virginitatem
749 1354 839 1400 suam
860 1358 922 1404 uon
943 1341 1163 1423 custodierint,
1183 1341 1212 1404 si
1233 1359 1310 1404 ecs·

132 1461 136 1469 .
158 1411 231 1476 dem
251 1416 383 1496 quiens
402 1417 590 1482 violaverint
610 1418 755 1485 duxerint
775 1432 809 1486 et
825 1426 988 1508 tenuerint
1006 1429 1145 1507 maritos,
1166 1446 1205 1488 eo
1226 1425 1315 1508 quo'd

158 1500 244 1562 selas
271 1501 398 1582 nuptias
424 1501 633 1587 violaverint,
662 1514 738 1588 post
759 1527 872 1572 annum
893 1511 1174 1594 siuetpoenitentia
1194 1529 1309 1576 recon-

156 1584 253 1649 ciliari
286 1584 444 1651 debebunt
457 1586 517 1672 ⁶);
546 1591 599 1651 vel
627 1593 656 1654 si
682 1591 761 1654 alios
784 1598 992 1678 cognoverint
1017 1599 1104 1663 viros
1116 1643 1125 1679 ,
1159 1616 1198 1659 eo
1224 1597 1307 1680 quod

110 1753 113 1764 ι
157 1671 345 1754 moechatae
366 1669 502 1754 sunt'),
523 1673 642 1755 placuit
661 1694 719 1757 per
740 1677 939 1761 quinquennii
958 1690 1107 1765 tempora,
1129 1678 1204 1746 a'cta
1222 1681 1308 1768 legi-

155 1757 232 1822 tima
251 1759 460 1840 poenitentia,
489 1759 610 1824 admitti
631 1779 687 1826 eas
710 1760 750 1826 ad
773 1769 1019 1830 communionem
1040 1776 1194 1849 oportere.

216 1873 291 1941 XV.
339 1875 393 1942 De
420 1879 569 1962 cunjugio
600 1899 707 1943 eoram
725 1884 791 1964 ⁴qni
819 1902 860 1945 en
885 1883 1075 1968 gentilitate
1101 1888 1244 1950 veniant.

252 1962 387 2046 Propter
412 1967 535 2046 copiam
563 1966 734 2046 puellarum
759 1969 931 2050 gentilibus
951 1973 1077 2034 minime
1093 1971 1125 2034 in
1145 1973 1308 2035 matrimo-

151 2047 237 2113 nium
252 2047 376 2113 dandae
388 2059 463 2114 sunt
476 2049 617 2133 virgines
631 2051 839 2138 Christianae,
860 2077 901 2119 ne
922 2065 1013 2120 aetas
1034 2057 1067 2120 in
1087 2055 1163 2120 lime
1180 2066 1305 2122 tumens

151 2134 184 2198 in
204 2132 389 2199 adulterium
406 2133 441 2216 ο)
467 2136 588 2199 animae
609 2138 795 2202 resolvatur.

213 2251 301 2318 XVI.
347 2251 410 2322 De.
419 2249 539 2338 praeliis
558 2252 713 2336 fidelibus
731 2273 774 2318 ne
793 2255 974 2337 infidelitas
995 2262 1239 2340 conjungantur.

242 2341 403 2404 Haeretici
428 2338 457 2402 si
484 2359 523 2404 se
549 2341 717 2404 transferre
742 2341 898 2404 noluerint
917 2343 958 2404 ad
978 2345 1147 2406 eeclesiam
1166 2342 1303 2404 catholi-

151 2443 221 2490 cam
239 2423 295 2506 0),
328 2444 390 2491 acc
410 2424 490 2506 ipsis
509 2424 684 2488 catholicas
704 2424 832 2488 dandas·
845 2441 920 2489 esse
940 2427 1081 2509 puellas;
1112 2425 1170 2489 sed
1197 2442 1302 2506 neque
1421 2479 1433 2512 ,Α

148 2511 282 2576 Judaeis
303 2506 406 2593 neque
428 2510 597 2574 haereticis
610 2508 665 2587 ¹⁰)
684 2509 760 2574 dare
780 2512 909 2593 placuit,
930 2513 1071 2595 eoquod
1092 2513 1175 2575 nulla
1199 2512 1303 2590 possit

148 2616 223 2662 esse
244 2597 385 2662 societas
404 2594 489 2658 fideli
510 2613 581 2660 cum
601 2595 736 2659 infideli:
766 2597 795 2659 si
821 2605 932 2660 contra
950 2597 1149 2662 interdictum
1170 2596 1304 2660 iecerint
1345 2621 1353 2634 ·

147 2691 318 2767 parentes,
345 2679 496 2746 abstineri
513 2680 570 2761 ¹¹)
590 2697 647 2764 per
667 2682 910 2766 quinquennium
931 2684 1048 2784 placet.

220 2807 324 2874 xvu.
363 2807 416 2873 De
442 2807 494 2871 bis
520 2809 577 2892 qai
593 2807 692 2910 filice
715 2825 792 2872 enas
817 2809 1033 2874 sacerdotibus
1060 2779 1230 2894 gentilium
1300 2802 1304 2838 ³
1356 2775 1367 2796 .
1429 2829 1430 2846 ³

233 2979 270 3044 Si
293 2952 358 3063 'qui
372 2957 375 2964 ²
391 2978 473 3044 forte
500 2901 896 3044 sacerdocinrliriisugindiimum
922 2931 1012 3044 filias
1030 2953 1107 3044 suas
1130 2957 1301 3061 junxerint,

144 3067 263 3152 placuit
283 3083 346 3130 nec
366 3065 399 3128 in
419 3065 512 3157 linem
530 3064 584 3144 ¹²)
603 3063 644 3128 iis
666 3061 799 3130 dandam
820 3085 896 3130 esse
916 3068 1173 3130 communionem.

208 3191 324 3258 xvur.
371 3193 424 3256 De
449 3190 667 3258 sacndctibne
694 3199 728 3258 et
753 3196 912 3257 ministris
937 3196 969 3256 si
987 3191 1232 3276 moechaverint.

228 3277 395 3361 Episcopi,
415 3278 621 3360 presbyteres
654 3287 689 3341 et
715 3277 865 3342 diacones
892 3279 979 3342 siin
1005 3280 1175 3341 ministerio
1201 3271 1298 3358 positi

142 3363 262 3431 detecti
288 3363 404 3426 fuerint
431 3363 514 3446 quod
542 3364 605 3426 sint
629 3359 805 3447 moechati,
828 3359 947 3446 plac'uit
967 3373 1092 3446 propter
1113 3363 1297 3426 scandalum

144 3463 177 3516 et
197 3460 325 3534 propter
345 3447 505 3550 profanum
524 3448 579 3529 18)
607 3447 725 3514 crimen
745 3469 807 3514 nce
828 3449 860 3513 in
880 3449 981 3512 linem
993 3449 1048 3529 14)
1076 3464 1133 3512 eos
1151 3455 1299 3512 'commu-v

142 3543 265 3603 nionem
287 3555 431 3619 acerpcre
453 3535 577 3599 debere.

247 3662 335 3727 XIX.
377 3663 430 3726 De
450 3661 576 3726 clericis
595 3664 729 3745 negotia
749 3669 783 3726 et
803 3660 963 3726 nundinas
983 3657 1190 3746 sectantibus.

228 3749 389 3832 Episcopi,
411 3749 613 3832 presbyteres
634 3756 668 3809 et
689 3749 839 3812 diacones
860 3750 900 3812 de
922 3751 1002 3812 locis
1024 3751 1090 3813 suis
1113 3739 1297 3832 negotiandi

141 3855 241 3903 causa
261 3853 323 3898 non
344 3833 522 3914 discedant,
550 3848 611 3898 nec
631 3834 863 3898 circumeuntes
883 3835 1062 3916 provincias
1083 3835 1296 3914 quaestuosas

141 3921 296 3990 nundinas
321 3928 482 3987 sectentur
498 3914 570 3999 ¹⁶):
598 3937 677 3984 saue
699 3917 739 3986 ed
757 3923 877 3983 vietum
898 3921 958 3985 sibi
978 3917 1219 4003 conquirendum
1240 3923 1297 3980 eut

139 4081 339 4104 ...nn—nauh-

177 4163 207 4232 1)
224 4163 363 4216 dicaverint
379 4161 417 4215 M.
445 4179 480 4202 -ι
516 4150 876 4228 ²)prcdidcrirtt'i1lm.illr
903 4186 938 4203 a·
974 4147 1003 4228 ³)
1021 4152 1089 4229 quand
1105 4153 1238 4211 nmiscrb'rl
1255 4154 1295 4209 Μ.

175 4235 207 4301 4)
227 4235 298 4296 Qvod
314 4234 339 4285 si
354 4233 505 4300 semctipsos
519 4232 701 4298 poenituerint,
712 4232 778 4299 qnod
794 4231 948 4296 inlinbilnle
960 4232 1075 4300 corporis
1091 4231 1181 4296 lapsae
1195 4230 1296 4295 riserint

212 4313 236 4356 ct
254 4311 307 4355 toto
325 4301 353 4355 in
370 4319 405 4355 ιιι.
425 4303 462 4356 M.
501 4316 537 4340 ··-
574 4299 616 4367 ¹³)
634 4303 662 4352 ln
678 4301 727 4364 fiac
744 4301 781 4354 M.
822 4316 858 4341 ·-··
896 4295 932 4368 ’6)
946 4311 1003 4367 post
1020 4301 1202 4369 pdecilectinm
1218 4300 1297 4349 renites
1418 4353 1419 4356 Ἴ

209 4376 272 4426 nrrni
286 4373 480 4425 reconcilientur
496 4369 525 4422 iu
543 4379 576 4421 m.
594 4371 632 4422 bl.
671 4401 706 4412 -
750 4371 779 4438 l)
795 4370 903 4448 aintM.
943 4391 979 4412 -’-
1020 4371 1050 4440 ⁸)
1066 4373 1095 4422 in
1111 4370 1238 4422 adulterio
1255 4369 1295 4420 M.

175 4447 206 4516 ⁹)
222 4443 277 4527 lvi·
290 4450 364 4526 erent
388 4443 421 4494 nb
445 4440 702 4562 rcclcpicMculboltca
718 4439 960 4565 iihirieitmi-irr
976 4438 1295 4575 :HMMFort-e-legffigntrp

99 4603 104 4611 ¹
207 4514 314 4646 {prenzer
332 4507 687 4648 adcr„ltt,)1;.lsan.dm-in
703 4595 738 4632 nr.
755 4511 804 4634 iu?
820 4527 891 4622 ⁸⁸·-
923 4537 1135 4647 1'⁴)iir1bicM.
1169 4601 1225 4618 -’

155 4655 205 4724 1⁵)
221 4670 254 4707 nc
272 4659 472 4712 ...concretes
482 4653 509 4704 in
526 4653 639 4720 pnicolc
655 4652 788 4706 incurrunt
803 4649 840 4704 u:
870 4673 906 4692 ·-
1074 4660 1077 4668 ·
