2868 5040
390 230 637 330 commacu
657 232 932 333 rotomnam
1175 263 1237 340 rer

105 435 254 506 XXIX.
291 435 355 500 dia.
376 435 535 522 tapam
560 435 768 521 paenitenitia
800 445 835 503 at
867 433 1189 526 memabmtrwt
1223 461 1224 466 ’

162 539 220 621 (v.
240 539 341 614 Cone.
361 535 720 623 Agamemnonem.)
954 603 957 610 .
1146 607 1149 610 ,,

304 661 410 726 XXX.
451 659 503 725 Do
524 660 657 726 incertis
682 659 957 745 ecapiturcticaibm
972 660 1017 744 ²}

165 759 305 826 Incertis
330 761 602 842 conjunctionibus
629 762 705 828 nibil
733 782 861 845 prorsus
887 765 1004 830 veniae
1030 783 1240 853 reservasse,

77 845 144 910 nisi
162 866 236 912 oum
257 845 441 912 adulterium
463 847 662 931 separatione
688 847 891 932 sanaverint,
917 849 1060 914 incestos
1081 871 1156 916 vero
1176 872 1240 919 nea

79 933 145 996 ullo
166 932 305 1018 conjugii
326 932 450 996 nomine
471 934 699 1015 praevelandos
711 935 746 1014 ³)
766 942 892 1016 praeter
911 933 983 998 illos
1004 955 1085 1018 quos
1104 935 1157 1002 vel
1178 955 1241 1002 no·

81 1018 202 1090 minare
218 1019 378 1082 ¹litnestnm
396 1023 464 1099 est,
485 1019 545 1088 hos
566 1037 643 1084 esse
664 1038 850 1083 censemus:
870 1019 989 1102 siquis
1010 1022 1152 1088 relictam
1171 1025 1240 1089 Ira·

84 1103 163 1184 tris,
182 1121 265 1184 quae
285 1123 368 1186 pene
388 1103 475 1185 prius
495 1121 583 1166 soror
604 1106 770 1186 extiterat,
791 1105 907 1170 carnali
928 1104 1146 1186 conjunctione
1166 1111 1241 1174 vio·-

83 1185 219 1273 laverit;
248 1189 277 1252 si
304 1188 375 1270 quis
402 1188 496 1250 frater
526 1207 708 1272 germanam
735 1189 843 1252 uxoris
871 1208 949 1258 suae
963 1189 999 1270 ι)
1026 1191 1183 1277 accipiat3
1211 1195 1242 1258 si

83 1273 157 1353 quis
178 1285 345 1338 novercam
358 1271 392 1352 ⁸)
414 1271 558 1355 duxerit3
578 1273 607 1336 si
628 1275 699 1355 quis
719 1273 923 1338 consobrinae
945 1275 1133 1342 sobrinaeve
1145 1279 1181 1360 ⁸)
1201 1298 1241 1344 se

84 1357 209 1422 acciet:
237 1356 322 1440 quod
346 1365 383 1422 ut
404 1377 425 1421 a
444 1360 604 1437 praesenti
623 1367 769 1440 tempore
787 1356 1005 1442 probibemus,
1031 1359 1077 1424 ita
1097 1381 1136 1426 ea
1157 1382 1241 1445 quae

85 1451 162 1504 sunt
182 1446 320 1507 anterius
341 1443 486 1506 instituta
512 1461 574 1505 non
601 1442 775 1526 solvimns3
803 1444 832 1505 si
852 1444 923 1524 puis
943 1445 1072 1522 relictae
1092 1448 1241 1512 avunculi

86 1528 260 1591 misceatur
280 1535 335 1592 aut
355 1529 458 1611 patmi
484 1530 538 1590 vel
563 1525 728 1610 privignae
754 1529 924 1591 concubitu
950 1531 1113 1611 polluatur.
1153 1533 1241 1598 Sana

85 1613 200 1693 quibus
221 1613 398 1694 conjunctio
419 1609 526 1677 illicita
545 1613 757 1697 interdicitur,
778 1611 938 1678 habebunt
958 1613 1085 1680 ineundi
1104 1619 1242 1684 melioris

84 1697 225 1784 conjugii
243 1700 429 1766 libertatem.
580 1697 581 1700 ’
659 1759 660 1762 ,
1238 1718 1241 1722 ·

92 1817 97 1824 ”
306 1817 427 1886 XXXI.
466 1818 749 1901 vaporationem
776 1817 1017 1886 homicidarum.
1096 1813 1100 1824 ¹

169 1919 220 1983 De
241 1911 433 2003 poenitentia
453 1917 684 2005 homicidarum,
699 1919 753 2004 qui
773 1923 895 1986 saeculi
914 1923 1008 2004 leges
1021 1923 1184 1996 evaserint
1196 1925 1241 2006 ')‚

86 2003 149 2068 boo
177 2023 298 2089 summa
319 2005 559 2082 reverentiade
580 2008 619 2069 iis
639 2008 799 2076 internos
818 2006 936 2094 placuit
956 2008 1136 2092 observari,
1154 2009 1239 2103 quod

62 2089 271 2173 .Ancyritani
285 2091 319 2172 ⁸)
341 2092 480 2183 canones
502 2091 720 2156 decreverunt
907 2107 909 2115 ’

87 2207 221 2274 xxxn.
241 2205 389 2296 bellotae
402 2209 585 2295 presbytcri
605 2216 664 2274 orat
683 2209 970 2294 diacona-captiae
988 2212 1241 2297 interdictae‘)

169 2307 299 2382 Relicta
325 2313 505 2395 presbyteri
532 2315 604 2377 sive
630 2313 754 2379 diaconi
782 2314 813 2376 si
848 2315 1037 2396 cuicumque
1066 2319 1242 2399 renupserit

91 2401 225 2458 eatenus
246 2395 286 2460 ab
309 2397 448 2461 ecelesia
467 2399 617 2478 pellatur,
646 2398 748 2461 donec
769 2417 790 2462 a
811 2397 1033 2478 conjunctione
1058 2401 1165 2465 illicita
1184 2421 1244 2466 se·-

90 2486 237 2558 paretur,
275 2481 385 2551 manto
423 2500 548 2566 quoque
586 2481 656 2562 ejus
686 2481 781 2548 simili
795 2489 911 2564 usque
942 2483 985 2547 ad
1016 2484 1245 2552 correctionem

89 2565 262 2630 severitate
280 2566 456 2649 plectendo.

320 2685 480 2774 XXXIII.
521 2683 573 2750 De
594 2681 737 2751 basilicis
758 2682 999 2748 bometicormn.

175 2785 332 2854 Basilicas
361 2787 607 2870 haereticorum,
634 2807 715 2871 quas
743 2797 834 2853 tanta
860 2787 1063 2852 execratione
1092 2785 1246 2854 habemus

91 2891 208 2939 exosas
235 2881 270 2936 ut
291 2873 490 2954 pollutionem
511 2893 617 2936 earum
638 2875 831 2958 purgabilem
852 2893 913 2937 non
935 2878 1101 2954 putemus,
1121 2875 1244 2940 sauciis

90 2959 200 3022 usibus
221 2959 377 3040 applicare
399 2956 611 3039 despicimus:
646 2977 726 3028 sane
747 2977 827 3043 quas
848 2977 905 3042 per
924 2959 1106 3032 violentiam
1126 2959 1245 3026 nostrIs

89 3043 226 3105 tulerant
245 3061 413 3124 possumus
432 3051 592 3106 revocare.

30 3236 35 3245 ,
89 3161 245 3226 XXXIV.
266 3160 306 3223 Si
321 3163 391 3244 quis
404 3163 475 3224 eine
486 3159 666 3256 jadicem)
682 3165 848 3246 preprimn
868 3182 992 3228 amount
1013 3165 1245 3255 occideritfl).

177 3259 215 3324 Si
231 3263 302 3343 quis
323 3281 449 3324 servum
470 3265 622 3344 proprium
643 3267 711 3327 sine
733 3268 927 3330 conscientia
944 3267 1061 3347 judicis
1083 3265 1246 3349 occiderit,

89 3345 414 3419 excommunicatione
436 3347 550 3414 biennii
572 3349 758 3414 effusionem
779 3351 946 3434 sang'uiuis
965 3353 1113 3430 expiabit.

118 3462 259 3530 XXXV.
305 3463 348 3527 Ut
368 3465 538 3530 nobiliores
558 3471 643 3530 cioca
665 3467 877 3548 disparebas
898 3473 932 3530 et
952 3466 1075 3532 natalis
1096 3468 1219 3534 domem

277 3550 438 3637 qriscopoe
460 3551 689 3615 benedictionis
711 3571 808 3614 cauae
831 3559 983 3634 ceperam
999 3551 1062 3631 ¹²).

177 3651 223 3715 Ut
244 3645 334 3718 cives
353 3653 546 3733 superiorum
566 3654 714 3716 natalimn
735 3662 831 3716 noete
847 3653 902 3733 1³>)
923 3653 1080 3736 paschae,
1102 3673 1141 3718 ac
1161 3654 1248 3719 nati·

91 3733 204 3801 vitatis
233 3735 348 3800 domiui
375 3737 590 3818 solemnitate,
619 3739 803 3820 episcopos,
829 3757 890 3804 neo
918 3738 1106 3802 interestis
1133 3740 1247 3820 quibua

92 3821 274 3886 civitatibus
292 3819 346 3898 ¹⁴)
372 3823 509 3906 positos,
535 3822 739 3912 accipiendae
759 3821 989 3894 benedictionis
1009 3823 1164 3892 desiderio
1185 3845 1248 3890 no·

91 3907 195 3977 verint
216 3903 420 3988 expetendos.
987 3946 991 3954 ·

135 4121 167 4259 b
185 4123 609 4264 ,iabrcntt‘1t02iin
626 4157 688 4252 ..ἰῷ
704 4129 917 4255 ..illuit
932 4126 1247 4266 ³⁸³‘hbibbi'm

163 4279 218 4313 rem
240 4273 374 4318 secundom
398 4265 575 4318 adduntBR.
596 4267 630 4319 T.
649 4272 674 4322 1.
724 4293 759 4310 ·-
820 4271 849 4338 θ)
867 4277 1030 4331 remaneam
1047 4268 1080 4320 C.
1098 4268 1177 4336 Hisp.
1211 4296 1248 4311 -

107 4393 112 4403 .
138 4330 169 4397 ⁸¹)
187 4334 370 4390 temerante.
387 4336 424 4388 H·
454 4363 490 4374 -—
525 4335 554 4403 9)
572 4346 667 4400 antiqui
682 4345 787 4400 Nleoent
803 4339 870 4406 Reg.
887 4337 919 4404 0,
939 4339 974 4404 F,
990 4341 1043 4392 les.
1060 4338 1098 4400 A,
1116 4343 1145 4391 el
1162 4337 1248 4392 c.-11.

127 4455 130 4460 ,
165 4416 190 4452 r.
216 4401 298 4454 Cone.
322 4403 419 4469 Ancyr.
443 4421 466 4458 c.
485 4405 528 4456 22.
544 4407 588 4458 23.
639 4438 676 4448 -
734 4409 765 4477 ο)
782 4410 896 4463 camin
914 4409 989 4470 deest
1006 4406 1034 4458 in
1052 4406 1179 4476 (bflisp.
1211 4435 1248 4450 —-

117 4467 168 4536 1⁰)
186 4478 241 4524 atne
254 4480 343 4534 jndice
360 4473 434 4530 deest
450 4472 479 4528 in
499 4474 530 4527 C.
549 4475 626 4544 Hiep.
678 4507 714 4519 -
770 4479 821 4546 Η)
839 4496 862 4532 r.
880 4479 965 4530 Cone.
980 4475 1077 4540 Arcu.
1096 4478 1177 4531 eoo.
1211 4505 1248 4520 ·-

117 4538 168 4608 Η)
188 4539 255 4592 Can.
273 4541 316 4596 ab.
334 4543 412 4594 deest
428 4541 455 4596 in
474 4543 507 4594 0.
526 4544 617 4612 Ilisp.,
642 4562 665 4598 v.
683 4546 765 4600 Cone.
782 4549 878 4614 Agelli.
896 4563 919 4598 c.
931 4547 975 4600 63.
1020 4573 1057 4585 -
1109 4547 1160 4612 li)
1177 4554 1249 4597 noeto

164 4609 241 4668 deest
258 4609 286 4664 in
303 4607 411 4685 Remi)
435 4617 463 4664 et
478 4611 531 4666 les.
549 4616 580 4664 A.
615 4643 651 4654 -
690 4615 744 4686 11),
757 4626 886 4683 macanos
902 4623 929 4670 tn
946 4621 1047 4676 musta
1061 4615 1129 4692 ling·
1146 4614 1177 4671 B·
1210 4639 1246 4653 -
