2874 5044
146 234 171 302 t
329 273 333 279 ·
431 231 674 308 cuncutitur
699 234 1037 310 mmumuuuura

155 455 158 462 .
190 402 339 471 xxvut
390 405 443 470 Dc
459 405 683 476 autumatio·
709 427 816 476 evm
842 409 900 494 qui
924 427 990 476 aaa
1015 409 1258 478 ammana
1370 423 1372 434 ·

118 535 123 560 .
231 489 426 572 Episcopum
446 491 566 572 placuit
585 497 625 560 at
647 514 706 578 eo,
733 492 787 578 qut
806 493 1116 578 decacuminare,
1141 492 1305 576 munuc1)

148 574 294 656 accipere
315 596 377 638 non
399 574 543 676 debera

178 695 296 757 XXIX.
339 692 632 780 Deeuergtncem‘c
654 698 793 784 pectitur
813 697 992 764 habeantur
1011 699 1049 763 in
1062 697 1098 779 Ι)
1119 689 1265 764 euchata.

232 780 472 863 Energumenns
505 783 559 864 qui
593 783 632 848 ab
667 785 798 848 erratico
832 786 942 868 spiritu
974 784 1178 869 exagitatur,
1211 781 1305 864 hujm

150 882 262 928 nomen
284 885 390 949 neque
412 865 453 931 ad
474 868 572 930 altare
592 887 665 932 cum
686 869 842 932 oblatione
864 869 986 949 esse⁸)
1007 867 1219 952 recitandum,
1245 882 1307 935 nac

148 953 390 1032 permittendum
410 961 446 1016 ut
465 971 526 1015 ana
545 973 639 1018 manu
658 955 689 1018 in
712 955 851 1018 ecclesia
871 956 1034 1019 ministret

82 1145 83 1152 p
202 1067 306 1136 XXX.
350 1069 402 1136 De
423 1069 473 1141 luia
502 1073 557 1157 qui
579 1079 658 1158 poet
679 1073 841 1138 lavacrum
860 1073 1020 1141 moechata·
1039 1081 1115 1140 aaut
1124 1071 1181 1155 ⁴),
1207 1093 1249 1138 tte

564 1158 772 1234 subdiacones
792 1163 893 1241 flant.

235 1239 456 1306 Subdiaconos
482 1257 541 1307 eos
571 1243 703 1308 ordinari
731 1265 793 1308 non
819 1245 934 1308 debere
960 1245 1014 1330 qni
1041 1241 1074 1308 in
1095 1239 1310 1308 adolescentia

151 1344 212 1389 sua
241 1327 558 1412 monomachum,
588 1348 627 1392 eo
655 1330 738 1412 quod
764 1331 964 1412 postmodum
994 1350 1049 1413 per
1075 1329 1310 1412 subreptionem

153 1411 194 1474 ad
216 1413 358 1476 altiorem
379 1413 511 1495 gradum
531 1425 795 1496 promoveantur:
821 1417 876 1479 vel
894 1417 923 1480 si
944 1419 997 1500 qui
1019 1422 1094 1480 mm
1106 1413 1140 1496 ὅ)
1161 1415 1193 1480 in
1213 1431 1310 1497 prac-

152 1497 278 1562 teritum
300 1497 460 1582 ordinati,
476 1510 688 1565 amoveantur.

174 1621 294 1688 XXXI.
323 1622 377 1688 De
398 1622 650 1694 adolescentibus
671 1629 728 1712 qui
740 1635 818 1712 poor
840 1627 1002 1694 muncrum
1022 1629 1183 1694 mcecltcti
1201 1633 1287 1694 aunt.

239 1707 475 1776 Adulescentes
497 1717 550 1799 qui
568 1723 643 1797 post
663 1715 758 1782 fidem
778 1716 899 1780 lavacri
917 1715 1065 1780 salutaris
1083 1713 1198 1780 fuerint
1218 1733 1311 1789 mac

155 1791 258 1878 chati,
287 1815 359 1860 cum
388 1795 534 1862 duxerint
558 1819 693 1882 uxores,
722 1810 798 1865 acta
816 1800 958 1886 legitima
976 1801 1172 1882 poenitentia
1190 1800 1311 1884 placuit

154 1877 196 1944 ad
216 1882 466 1948 communionem
485 1903 542 1950 cos
554 1884 588 1966 ο)
610 1885 739 1950 admitti.

174 2001 307 2065 XXXII.
344 2000 396 2066 De
417 2007 699 2068 euccmmvnicntia
713 2005 909 2088 presbyterio
930 2013 967 2069 at
979 2003 1013 2082 ²)
1040 2005 1077 2068 la
1096 2005 1290 2068 necestitate

555 2095 802 2154 cummunionem
830 2093 917 2154 dent.
1003 2095 1008 2103 '

241 2170 336 2256 Apud
355 2172 591 2260 presbyterum,
617 2178 648 2240 oi
675 2180 747 2260 quis
774 2177 866 2258 gravi
890 2177 985 2257 lapsu
1010 2177 1042 2238 in
1063 2176 1182 2239 ruinam
1203 2175 1313 2238 mortis

155 2255 316 2341 inciderit,
342 2259 461 2339 placuit
488 2279 586 2344 agere
613 2263 835 2344 poenitentiam
863 2279 926 2322 non
954 2261 1087 2341 debere,
1117 2260 1177 2322 sed
1204 2260 1312 2340 potius

158 2342 242 2424 apud
265 2346 466 2427 episcopum:
491 2356 634 2432 cogente
659 2357 765 2410 tamen
786 2345 966 2407 iniinnitate
986 2361 1124 2407 necesse
1146 2351 1199 2406 est
1217 2349 1312 2424 pres-

156 2428 301 2510 byterem
328 2433 575 2497 communionem
602 2441 765 2516 praestaro
800 2429 946 2512 debere,'
970 2437 1004 2493 et
1032 2427 1197 2494 moenam
1225 2427 1254 2490 ai
1281 2422 1313 2490 ei
1423 2467 1424 2496 l

153 2513 287 2596 jusserit
305 2516 456 2594 sacerdos
471 2517 514 2598 ⁸).
1069 2517 1073 2530 '

220 2634 367 2706 XXXIII.
430 2636 483 2700 De
512 2642 668 2732 episcopia
691 2647 730 2744 ‘et
755 2638 931 2762 ministris,
959 2643 997 2698 ut
1028 2633 1068 2700 cd
1100 2631 1252 2732 mortino

124 2837 129 2844 ·
244 2805 370 2870 Placuit
395 2807 427 2869 in
455 2815 556 2870 totum
586 2724 1030 2890 pfflssss'fssiij)ipjsoopps‚
1057 2801 1253 2886 presbyteris
1281 2809 1316 2864 et
1422 2773 1423 2778 ἵ

115 2913 122 2926 ·
161 2889 345 2955 diaconibus
366 2893 419 2953 vel
439 2891 582 2956 omnibus
605 2893 730 2958 clericis
757 2891 870 2974 positis
899 2894 930 2952 in
956 2891 1128 2952 ministerio
1157 2887 1315 2952 abstinere

162 2997 199 3040 se
221 2973 543 3060 acmjugionssutc
563 2986 679 3041 utnon
708 2987 862 3061 generare
887 2974 990 3038 tilios:
1020 2971 1209 3057 quicumque
1237 2990 1315 3036 vero

160 3060 286 3146 lecerit,
308 3064 347 3127 ab
368 3063 486 3128 honore
508 3065 679 3128 clericatus
698 3063 929 3128 exterminetur.

271 3181 423 3246 XXXIV.
465 3178 518 3246 Ne
538 3184 624 3248 cerel
644 3184 680 3246 in
701 3183 899 3248 coemeteriis
921 3179 1136 3244 accendantur
1150 3175 1216 3259 ιι).

248 3267 372 3332 Oeneos
401 3285 457 3349 per
483 3268 566 3334 diem
593 3268 712 3352 placuit
739 3271 771 3332 in
798 3265 987 3332 coemeterio
1008 3286 1072 3329 uon
1092 3264 1234 3346 incendi,
1265 3261 1319 3325 in-

163 3354 324 3434 quietandi
345 3355 427 3418 enim
448 3365 626 3419 sanctorum
648 3356 777 3437 spiritns
797 3373 859 3418 non
880 3361 963 3417 eunt.
990 3349 1054 3432 Qui
1073 3352 1155 3417 hacc
1175 3367 1239 3414 non
1256 3347 1320 3414 ob·

161 3441 359 3506 curvaverint
380 3450 545 3504 arceantur
566 3441 606 3504 ab
628 3443 788 3508 acclesiae
807 3439 1032 3530 communione.

288 3558 426 3628 XXXV.
460 3557 512 3628 Ne
524 3561 749 3644 semiuncia
770 3557 968 3625 cemoeteriic
982 3553 1191 3640 pervigilent.

249 3643 374 3708 Placuit
394 3645 548 3727 prohiberi
567 3665 609 3709 ua
628 3646 784 3750 foeminae
804 3646 836 3707 in
857 3643 1047 3708 coemeterio
1066 3638 1266 3763 pervigilenti
1278 3655 1320 3700 eo

166 3725 250 3810 quod
266 3749 365 3814 saepe
379 3732 439 3797 cub
456 3732 589 3796 obtentu
601 3739 751 3797 cratroms
766 3731 901 3796 latenter
913 3729 1036 3794 scelera
1052 3731 1251 3791 commuttunt
1274 3720 1320 3804 ²).

166 3855 366 3870 Μ

207 3914 236 3982 ¹)
253 3921 554 3981 nptvoopm...muaera
571 3917 608 3971 M.
625 3921 780 3971 *maome
797 3916 843 3970 AE.
859 3915 916 3970 BR.
934 3913 968 3966 Τ.
981 3916 1007 3967 1.
1020 3915 1046 3965 2.
1062 3909 1096 3965 G.
1113 3934 1150 3950 -·
1184 3907 1214 3977 ²)
1232 3913 1263 3960 at
1280 3905 1320 3960 M.

205 3985 464 4054 operaremur.
504 4013 541 4028 -
588 3977 889 4056 ‘provocaverimus
908 4010 945 4024 -
992 3984 1321 4052 mecaenatem

238 4065 273 4108 att
288 4065 475 4119 premonemur.
512 4065 542 4110 st
564 4068 647 4112 cutem
669 4065 746 4119 micat
767 4065 834 4109 eunt.
868 4053 993 4120 Agnirre.
1043 4074 1081 4092 ·-
1130 4049 1162 4118 ⁸)
1177 4067 1228 4102 coe
1244 4048 1321 4100 deaut

238 4143 281 4196 ap.
298 4127 335 4180 M.
369 4153 406 4167 -
441 4127 470 4194 ⁷)
487 4133 694 4192 maceratam
710 4137 739 4182 at
755 4133 972 4183 excommunicata
987 4121 1017 4179 ia
1033 4137 1068 4178 tu.
1084 4121 1122 4174 Μ.
1148 4145 1185 4160 ·-
1219 4117 1322 4186 ⁸)'Hrc

238 4213 324 4250 canon
340 4196 380 4250 aie
396 4197 495 4263 legitur
510 4197 539 4250 in
556 4199 672 4252 editione
685 4196 834 4250 Cardinalia
846 4195 880 4248 dc
890 4194 1023 4259 Aguirret
1043 4199 1073 4250 sc
1089 4199 1145 4254 cota
1160 4197 1232 4254 praet
1247 4193 1322 4250 lacau

173 4278 175 4282 ’
237 4275 265 4321 tu
287 4275 385 4320 uuluam
406 4277 493 4321 murteo
514 4276 647 4332 ructuant,
671 4275 765 4331 ctacutt
787 4283 862 4331 apem
883 4271 1059 4328 poeaitentiam
1081 4277 1132 4319 nou
1154 4267 1245 4312 &aare
1265 4266 1322 4310 atne

239 4345 350 4401 maceca
366 4345 489 4400 conculta,
507 4345 552 4388 oea
568 4347 651 4401 potina
667 4346 735 4401 apua
751 4346 891 4400 episcopam
907 4343 977 4400 apat,
1001 4341 1101 4398 cccccte
1118 4331 1320 4392 tamectutlmt-
1418 4383 1419 4390 ,

241 4415 300 4460 tate.
334 4417 390 4461 Non
407 4417 445 4461 eat
461 4416 660 4471 presbeterorum
676 4417 721 4462 out
738 4416 913 4470 amoenum,
931 4412 1121 4460 communionem
1137 4407 1229 4454 tatttm
1244 4415 1320 4462 prae·
1418 4425 1419 4478 3

238 4487 308 4532 atara
331 4487 432 4540 decere,
457 4486 686 4541 mandauerit
709 4486 846 4542 episcopor.
881 4474 1004 4529 Manui.
1042 4489 1091 4514 ⁴-
1149 4469 1179 4538 θ)
1195 4487 1225 4522 oc
1242 4475 1320 4522 utati-

238 4558 314 4602 necat
331 4549 368 4600 M.
402 4575 438 4590 -
476 4548 525 4614 ¹⁰)
543 4549 724 4612 motwmtlll.
758 4574 795 4592 -·
827 4546 994 4618 ¹¹)aerevm
1012 4579 1038 4597 ..
1055 4539 1260 4598 metaurum
1286 4562 1323 4578 -
1418 4545 1419 4570 ¹

186 4619 235 4686 Ν)
255 4627 402 4674 contractam
419 4620 455 4672 Μ.
490 4645 526 4662 -
1062 4641 1064 4652 ·
