2874 5044
1287 218 1292 226 ,

58 427 182 480 unum
205 411 336 478 inurbe
357 411 541 495 Hispalensi
562 388 736 494 adfirmans,
763 413 966 478 ssaatitatem
990 421 1077 479 tuan
1096 412 1254 482 caritatis

64 503 194 566 studio
221 501 422 580 salutames,
455 517 618 579 precamur
644 498 801 574 dominnm
827 500 881 581 qui
905 518 965 562 nos
989 499 1030 562 de
1056 501 1160 568 salute
1185 511 1243 572 *tua

63 590 130 653 vel
154 585 285 650 visione
306 584 478 648 laetificare
499 583 655 668 dignetur.

191 736 217 802 Ῑ.
257 735 311 800 Da
330 723 506 819 mnemia
523 735 677 803 ecclcsiae
697 733 904 829 abepiscopo
925 705 1137 806 manuaaiaala

172 839 298 900 Interea
327 838 562 900 considentibus
588 839 679 901 nobis
704 839 739 900 in
765 839 905 903 eeclesia
926 842 1108 923 Hispalensi
1127 853 1241 910 sancta

73 923 266 988 Jerusalem
297 923 426 985 brevem
457 925 681 1003 mancipiorum
713 925 887 1007 ecclesiae,
914 945 997 1006 quos
1024 929 1190 994 libertasse
1207 933 1240 1010 ι)

76 1011 182 1072 visus
204 1010 313 1072 fixerat
341 1009 493 1072 decessor
522 1019 596 1071 tuus
625 1019 756 1072 sanctae
789 1010 1015 1074 recordationis
1041 1012 1241 1082 Gaudentius
1275 1082 1279 1099 ‚

79 1095 270 1176 episcopus,
290 1095 391 1156 vestri
410 1095 501 1164 nobis
522 1095 673 1158 diacones
694 1095 880 1179 obtulerunt,
906 1107 940 1160 et
959 1117 1020 1160 non
1041 1101 1142 1164 sulum
1160 1122 1240 1183 quos

74 1181 292 1244 libertaverat
304 1180 340 1259 1)
360 1180 475 1242 ibidem
496 1181 683 1264 relegimus,
705 1180 764 1243 sed
785 1185 881 1244 etiam
902 1201 983 1264 quos
1001 1185 1151 1265 proximis
1171 1189 1240 1252 suis

75 1265 134 1328 de·
148 1265 274 1328 familiis
296 1267 455 1340 ecclesiae
476 1265 650 1330 donaverat
669 1263 702 1328 in
723 1265 834 1330 eodem
861 1268 950 1330 brevi
963 1269 996 1346 8)
1023 1273 1239 1338 recensuimus
1266 1319 1269 1326 -

75 1359 259 1428 annotatos
272 1351 317 1430 4).
364 1349 435 1428 Qua
464 1351 505 1414 da
531 1371 565 1414 το
593 1371 746 1414 canonum
769 1353 948 1416 'constituta
963 1354 997 1433 ὗ)
1025 1359 1240 1424 consuluimds

76 1435 111 1500 si
135 1439 212 1502 talis
238 1439 367 1500 libertas
395 1445 451 1499 aut
477 1439 650 1522 transactio
677 1438 836 1518 potuisset
863 1459 938 1502 esse
965 1441 1096 1506 stabilis.
1139 1445 1239 1508 Gom-

69 1523 228 1606 perirnus
254 1532 363 1585 autem
390 1523 422 1584 in
449 1541 570 1586 oenone
585 1523 620 1602 6)
652 1533 688 1585 ut
714 1525 884 1605 episcopus
917 1527 970 1607 qui
1004 1547 1056 1590 res
1087 1533 1237 1615 proprias,

76 1620 225 1692 excepto
244 1609 317 1672 filiis
338 1616 372 1670 et
392 1609 571 1690 nepotibus,
592 1609 700 1672 alteris
720 1618 754 1688 et
775 1629 837 1672 non
857 1610 1015 1674 ecclesiae
1028 1614 1061 1691 7)
1078 1613 1237 1700 dimiserit,
1270 1607 1276 1614 ⁸

77 1695 237 1778 quidquid
258 1693 298 1756 de
321 1695 479 1778 eeclesiae
500 1696 595 1757 rebus
616 1703 671 1757 ant
692 1693 822 1758 donavit
840 1705 895 1758 aut
916 1696 1057 1761 vendidit
1080 1711 1138 1762 aut
1156 1721 1237 1785 quo«.-

77 1801 147 1864 quo
167 1780 261 1844 modo
278 1780 312 1859 8)
337 1781 378 1842 ab
399 1779 539 1843 ecclesia
560 1781 753 1844 transtulerit
768 1781 819 1862 ⁰),
841 1780 956 1844 irritum
978 1784 1152 1849 haberetur.
1193 1789 1236 1852 nt

77 1865 158 1930 ideo
179 1869 209 1930 si
228 1886 281 1930 res
300 1867 516 1946 praecessoris
543 1869 590 1928 tui
609 1865 783 1930 Gaudentii
802 1869 943 1949 episcopi
963 1870 1104 1932 ecclesia
1125 1881 1235 1937 vestra

78 1949 329 2034 non-possidet,
351 1952 439 2014 liberi
459 1953 512 2033 qui
533 1953 573 2014 ab
595 1973 633 2014 eo
655 1953 732 2015 faoti
751 1961 826 2015 sunt
847 1973 908 2014 uon
929 1956 1235 2038 suntlegitime10)

80 2040 222 2102 absoluti
242 2037 359 2101 liberti:
380 2045 520 2100 ceterum
540 2039 570 2098 si
588 2056 642 2099 res
662 2037 745 2103 illius
765 2038 796 2099 'm
817 2039 1106 2118 compensationem
1127 2044 1236 2106 eade*

79 2103 305 2188 siae.vestiae
325 2122 524 2204 deserviunt,
545 2120 589 2184 illi
609 2123 736 2203 prorsus
756 2127 905 2192 maneant
923 2124 1030 2207 liberi,
1057 2147 1129 2189 narn
1150 2130 1179 2191 si
1198 2139 1235 2194 ut

80 2209 203 2273 dictum
233 2217 285 2272 est
309 2210 492 2289 praestitum
520 2208 560 2270 de
589 2209 656 2270 suis
685 2210 779 2272 rebus
798 2228 860 2270 non
879 2209 974 2292 feeit,
1005 2213 1163 2277 ecclesiae
1179 2215 1234 2296 Η)

82 2297 231 2358 damnum
256 2293 366 2375 utique
395 2295 507 2355 inferre
535 2313 596 2356 non
627 2294 743 2356 debuit.
797 2294 968 2376 Propterea
997 2317 1072 2381 ergo
1103 2300 1143 2362 de
1172 2321 1235 2364 uno

83 2400 245 2444 consensu
273 2399 383 2441 omnes
412 2377 626 2462 significamus
652 2380 757 2463 magis
784 2379 949 2444 humanius
977 2402 1069 2463 quam
1090 2389 1235 2451 severius

85 2468 276 2549 cogitantes,
295 2473 331 2526 ut
350 2465 382 2525 hi
392 2483 483 2546 ‘quos
502 2473 629 2528 constat
643 2466 698 2528 tali
712 2463 891 2528 conditione
905 2468 1004 2528 fuisse
1017 2469 1167 2534 liberatos
1179 2473 1234 2551 ¹2)
1263 2539 1273 2549 ..

84 2549 119 2613 in
141 2549 210 2631 jure
239 2551 397 2612 ecclesiae
424 2559 571 2612 maneant
596 2559 632 2612 ut
658 2547 763 2612 idonei
770 2595 780 2630 ,
809 2559 842 2612 et
868 2554 1025 2631 peculium
1051 2574 1142 2617 suum
1171 2577 1233 2619 non

86 2634 155 2699 aliis
174 2637 317 2717 personis
339 2634 397 2697 sed
418 2643 537 2698 tantum
559 2634 631 2695 filiis
653 2635 720 2696 suis
741 2632 964 2714 derelinquant.
1004 2637 1087 2716 Ipsis
1108 2658 1233 2722 quoque

83 2723 155 2785 tiliis
184 2730 217 2783 et
245 2721 413 2800 nepotibus
427 2765 430 2776 .
444 2739 514 2782 cum
543 2717 667 2800 peculio
695 2720 832 2799 ipsorum
853 2718 944 2800 quasi
969 2716 1092 2793 idoneis
1112 2725 1232 2806 injure

82 2803 515 2886 ecclesiaepermanentibus
533 2803 567 2866 in
588 2813 771 2868 extraneam
793 2805 841 2868 eis
861 2825 924 2868 non
943 2807 1039 2870 lioeat
1067 2829 1233 2892 personam

83 2893 239 2976 quidpiam
270 2900 475 2954 transmutare
491 2888 557 2969 13).
613 2891 680 2954 Sed
706 2891 745 2971 ,si
769 2888 840 2972 quis
866 2911 971 2955 eorum
999 2892 1067 2957 sino
1094 2889 1233 2962 haerede

82 2978 265 3043 discesserit
278 2977 333 3056 14)
339 3023 350 3058 ,
375 2975 531 3059 peculium
552 2993 657 3038 eonrm
671 2984 810 3051 sanotae
826 2975 881 3057 Η)
902 2977 1044 3058 proficiat
1065 2985 1244 3050 ecelesiae:

124 3113 162 3174 ΙΙ.
202 3111 253 3174 De
273 3111 444 3194 mancipiis
466 3111 619 3174 ccclesiae
640 3111 680 3172 ab
702 3112 847 3195 episcopo
862 3115 1021 3195 proximis
1038 3115 1093 3198 ιθ)
1122 3122 1189 3182 scis
1220 3125 1226 3134 ’

583 3195 732 3259 collatis.
1182 3221 1184 3224 ·
1289 3196 1292 3203 ’

178 3299 226 3361 tta
257 3317 334 3360 vero
361 3295 534 3380 mancipia,
567 3317 649 3381 quae
677 3306 867 3363 memoratus
894 3299 1066 3383 episcopus
1095 3305 1136 3368 de
1161 3307 1231 3388 jure
1266 3351 1271 3355 -

81 3385 238 3448 ecclesiae
263 3385 387 3447 sublata
414 3385 481 3446 suis
505 3381 655 3464 proximis
684 3386 835 3465 contulit,
865 3385 1026 3450 sisimilia
1046 3389 1088 3452 de
1108 3395 1230 3472 proprio

81 3482 139 3535 suo
162 3471 321 3537 ecelesiae
347 3469 447 3551 ipsius
469 3489 535 3532 non
555 3471 790 3550 compensavit,
819 3471 957 3536 ecclesia
978 3482 1088 3537 vestra
1109 3477 1230 3558 absque

81 3554 248 3636 aliquam)
264 3557 461 3636 oppositione
476 3553 617 3636 recipiat.
649 3557 742 3618 Hanc
762 3555 890 3626 formam
910 3577 973 3621 non
994 3561 1095 3625 solum
1109 3572 1229 3646 vestra,

82 3642 141 3704 hoo
161 3650 212 3714 est
238 3638 422 3723 Astigitana
437 3639 509 3721 ¹⁸),
535 3637 674 3702 servabit
702 3641 856 3720 ecclesia,
892 3641 950 3702 sed
980 3653 1013 3705 et
1040 3646 1069 3706 si
1095 3649 1148 3728 qui
1173 3670 1229 3729 per

84 3745 200 3790 omnem
227 3727 391 3788 Baeticam
416 3723 606 3805 provinciam
635 3724 689 3788 tali
714 3723 894 3787 conditione
913 3727 966 3788 vel
988 3731 1073 3790 sorte
1094 3731 1134 3794 de
1157 3732 1228 3816 jure

84 3812 235 3876 ecclesiae
254 3809 469 3876 commearunt
488 3811 555 3893 pari
575 3806 754 3874 sententiae
775 3808 991 3892 subjacebunt.
1038 3817 1156 3882 Durum
1177 3832 1229 3887 est

80 3979 273 3994 m

118 4076 146 4147 1)
162 4093 221 4138 aare
237 4087 358 4134 libertasse
374 4078 403 4134 in
422 4095 457 4132 m.
472 4076 511 4130 Μ.
535 4105 570 4116 -
594 4077 624 4145 ²)
642 4095 706 4140 quoe
721 4083 873 4134 liberaverat
890 4081 956 4137 ibid.
979 4113 1016 4126 -
1047 4085 1076 4155 fl)
1092 4096 1169 4142 prm
1185 4093 1224 4144 Μ,

115 4149 145 4218 4)
161 4157 295 4203 Mammas
311 4160 429 4204 annotata
445 4149 474 4202 in
490 4165 525 4199 m.
542 4148 580 4203 Μ.
597 4177 633 4187 --
669 4149 698 4215 ⁵)
715 4153 939 4204 amotora.M.·-
974 4156 1002 4224 Β)
1023 4156 1105 4226 Capp.
1119 4159 1224 4214 Martin.
1279 4173 1284 4182 ·

147 4217 245 4274 1446.
269 4222 367 4287 Agatb.
384 4239 408 4275 c.
419 4223 446 4273 7.
474 4247 510 4260 -
546 4217 575 4284 ⁷)
593 4236 655 4270 ecoe
673 4219 733 4272 add.
750 4219 788 4272 Μ.
813 4251 865 4264 -·
885 4221 914 4290 ⁸)
932 4235 977 4278 eut
989 4237 1059 4288 sans
1075 4237 1224 4284 comendans

144 4286 223 4341 inm.
241 4289 278 4342 M.
326 4321 362 4336 -
392 4291 444 4358 J)
464 4295 591 4342 transtulit
607 4289 644 4354 M.
691 4318 727 4330 -
777 4290 827 4360 1⁰)
845 4299 951 4356 teotttme
968 4297 1043 4349 deest
1059 4313 1101 4363 ap.
1118 4297 1223 4355 M.·nec

144 4359 251 4412 veroin
268 4361 352 4414 vatic.
391 4387 428 4400 -
479 4357 529 4424 11)
546 4362 607 4420 fecit
624 4365 752 4421 erebum,
769 4357 810 4410 Μ.
847 4391 885 4403 -
934 4366 984 4434 ra)
998 4373 1103 4416 ,tramea
1120 4367 1158 4420 M.
1187 4399 1223 4414 -

97 4425 381 4493 ultramuraneum
401 4446 437 4482 m.
457 4427 496 4480 Μ.
540 4457 577 4470 -
627 4429 677 4496 1⁴)
699 4437 746 4481 aest
769 4437 876 4491 sat-r.
896 4435 1124 4488 mammeam.
1159 4469 1195 4480 -

97 4496 256 4619 ”iugssr‘i‘
272 4502 319 4566 M,
338 4516 394 4612 necl
402 4496 573 4621 'samarga
596 4525 649 4546 -··-
668 4497 867 4623 ιζ’)ἔῡωίπίε
885 4503 1022 4626 ‘laeswe
1035 4504 1073 4557 M·
1092 4520 1141 4586 3¹⁰⁰
1158 4525 1222 4563 vero

141 4577 395 4700 winnethe
412 4570 440 4694 iir
455 4601 568 4693 miralio
586 4566 731 4703 lamani.
764 4579 953 4686 amm-⁸
1006 4575 1135 4692 minin·
1151 4587 1221 4634 Μ·
1318 4629 1322 4650 ’
