2858 5036
202 221 250 289 db
282 252 285 264 ·
449 215 692 290 CONCMUM
719 211 1062 284 RARCINONENSE
1083 213 1122 279 11.

209 393 298 458 vita:
321 389 406 476 quod
426 390 472 472 ai,
493 385 577 473 quod
598 387 697 469 absit,
717 383 886 470 quidquam
905 383 1021 467 mdnpr
1041 381 1083 448 de
1104 399 1262 466 quoquam
1281 383 1373 449 lama

206 477 393 558 ὥοιιιιιοιὶι,
421 489 612 559 perveram
640 481 675 536 et
702 473 909 540 certissimam
938 469 1121 534 clericorum
1149 471 1372 552 probationem

209 567 264 630 vel
291 563 426 639 virorum
458 559 692 624 amanuensium
718 557 773 622 vel
807 567 896 622 certe
928 554 1048 620 illamm
1075 555 1295 642 foeminarum,
1326 557 1370 621 de

126 693 129 700 -
207 652 324 735 quibus
344 649 427 712 iarna
446 647 608 729 percurrit,
630 653 726 729 atque
746 643 843 707 etiam
863 643 998 708 diversis
1018 642 1211 726 argumentis
1229 661 1274 707 ex
1294 643 1372 727 qui-

209 739 270 802 bua
297 735 506 800 adulterorum
534 730 648 796 indicia
676 729 853 796 certissime
879 725 1034 811 suspicari
1049 727 1083 808 ¹)
1111 728 1232 811 solent,
1262 730 1368 794 emnia

209 821 412 926 argutiauim
430 817 666 904 perquirantur,
695 823 733 880 ut
751 833 814 881 nec
841 833 899 899 per
927 811 1076 879 falsitatis
1102 813 1371 900 obumbrationem

208 925 374 994 qumquem
410 913 557 986 notetur,
585 921 647 968 uec
674 919 732 985 per
761 901 913 984 quasdam
943 899 1167 965 excusationes
1192 900 1368 966 admissum
1396 939 1402 958 ,

208 997 332 1062 facinus
359 989 536 1076 operiatur,
564 989 639 1054 dum
671 1007 728 1071 per
755 988 911 1070 publicam
939 982 1152 1068 probationem
1166 985 1209 1068 ¹)
1240 985 1369 1054 minime

208 1081 391 1150 reconvinci
405 1075 440 1158 ⁸)
461 1071 615 1161 garriant,
641 1074 700 1139 sed
721 1074 872 1155 probatae
892 1069 980 1136 vitae
1000 1090 1038 1136 se
1057 1069 1190 1158 vixisse,
1211 1073 1369 1140 bonesto-

208 1187 277 1234 rum
296 1163 480 1255 olorinorum
501 1159 681 1233 testimonio
702 1159 822 1226 clarere
841 1158 1065 1228 tenemusne

591 1497 961 1518 mun—¹*

261 1769 540 1855 cuniculum
566 1764 993 1851 unnolNONuNsm
1019 1764 1317 1851 SECUNDUM

590 1904 683 1974 utta
701 1901 920 1972 ccxxxvu
933 1901 979 1988 ⁴).

686 2031 889 2074 ..a-...-
1418 2026 1419 2120 l

209 2112 311 2224 Cum
333 2156 415 2222 duce
442 2153 565 2221 domino
585 2153 668 2218 Jesu
689 2153 817 2219 Christo
837 2151 889 2219 die
909 2152 1118 2225 Kalendarum
1139 2151 1366 2220 Novembrium
1418 2155 1419 2158 ’

210 2272 293 2317 annu
321 2251 455 2317 feliciter
476 2255 592 2331 quarto
622 2247 745 2312 decime
773 2247 864 2330 regni
890 2247 1150 2314 christianissimi
1177 2256 1213 2313 et
1230 2248 1364 2330 piissimi

206 2336 322 2402 domini
349 2333 527 2400 lleccaredi
551 2333 659 2416 regis,
685 2333 930 2397 'lamaconeusis
956 2335 1137 2417 provinciae
1163 2335 1304 2418 episcopi
1328 2333 1391 2397 in·

142 2432 149 2438 ’
206 2425 314 2490 urbem
340 2422 605 2488 Barcinonensem
625 2419 658 2481 in
677 2417 818 2484 ecelesia
838 2426 974 2496 sanetae
992 2419 1107 2486 Cnrcis
1126 2421 1263 2486 tuissent
1280 2425 1365 2484 cous·
1419 2351 1421 2484 i

205 2508 353 2597 gregati,
381 2508 445 2574 boo
464 2513 578 2616 saneta
599 2504 742 2590 synodare
761 2511 903 2572 statuere
923 2505 1040 2594 elegit:
1420 2515 1422 2666 ἱ

289 2693 333 2760 Ut
360 2711 433 2758 curu
460 2691 502 2757 ad
528 2690 634 2756 officia
660 2691 881 2756 ecclesiastica
906 2689 1013 2758 cleriei
1032 2691 1259 2776 provehuntur,
1284 2691 1365 2756 nibil
1421 2721 1422 2728 ι

205 2800 262 2863 pru
282 2779 504 2844 benedictione
524 2783 582 2841 aut
602 2775 798 2844 subdiaconii
818 2786 873 2840 aut
892 2777 1077 2860 diaconiif)
1101 2779 1156 2844 vel
1174 2778 1364 2863 presbyterii

204 2866 322 2930 eollata
350 2862 519 2947 quidquam
546 2862 599 2926 vel
626 2862 686 2926 sub
710 2861 877 2928 oblationis
889 2861 925 2946 ⁸)
957 2865 1082 2928 nomine
1111 2883 1132 2928 a
1163 2882 1364 2948 quocumque

205 2951 357 3032 episcopo
378 2950 431 3012 vel
454 2949 493 3013 ab
515 2945 586 3034 ejus
607 2947 910 3032 clero-inquiratur,
937 2949 1014 3014 illud
1039 2947 1154 3014 domini
1180 2950 1264 3016 Jesu
1288 2969 1363 3016 me-

204 3037 363 3100 minentes
381 3033 520 3100 edictum
540 3032 625 3118 quod
646 3033 708 3099 ait:
739 3033 852 3101 Gratia
873 3034 1186 3122 conqueramur
1207 3035 1284 3102 dote
1296 3035 1343 3117 ').

290 3220 392 3298 Simili
422 3217 517 3284 etiam
549 3228 704 3286 statutum
736 3219 915 3286 conditione
946 3231 999 3288 est
1011 3268 1022 3306 ,
1053 3230 1090 3288 ut
1120 3239 1192 3290 cunr
1224 3220 1362 3288 chrisma

204 3305 400 3392 presbyteris
421 3305 620 3386 dioecesanis
640 3325 695 3390 pro
717 3306 887 3392 neophytis
909 3308 1255 3391 commendedetur,
1283 3310 1359 3372 nibil

203 3415 260 3476 pro
281 3394 409 3476 liquoris
429 3394 531 3474 pretio
551 3392 736 3477 accipiatur,
757 3413 798 3456 ue
820 3394 923 3478 gratia
938 3395 990 3458 dei
1010 3397 1111 3478 pretio
1130 3395 1360 3459 benedictionis

201 3479 320 3546 affecta
331 3479 544 3546 simoniacum
557 3479 717 3545 interitum
731 3481 909 3544 ementibus
922 3482 1195 3566 vendentibusque
1209 3481 1359 3546 associet

753 3581 798 3644 111

172 3731 177 3737 ,
285 3667 358 3746 Hoc
379 3667 475 3730 etiem
496 3665 705 3732 innovandum
726 3665 1008 3733 custodiendumve
1028 3651 1223 3732 inmunibus
1244 3675 1359 3732 saneta

200 3752 314 3816 statuit
341 3753 505 3837 synodus'²
535 3761 572 3816 ut
597 3750 772 3816 secuudum
800 3752 972 3835 priscorum
1000 3773 1155 3819 canonum
1182 3755 1358 3818 constituta

200 3838 255 3900 vel
281 3839 478 3922 synodalium
504 3837 655 3918 epistolas
683 3838 862 3919 praesulum
880 3849 1139 3923 praemonentes,
1168 3839 1243 3904 nulli
1264 3838 1358 3903 dein-

200 3941 280 4006 ceps
315 3925 463 3988 laieorum
494 3923 590 3985 liceat
621 3920 663 3984 ed
694 3922 937 3988 ecclesiasticos
969 3926 1095 3989 ordines
1131 3923 1357 4008 praetermisso

199 4027 354 4072 canonum
381 4007 522 4096 praedito
550 4015 693 4089 ternpore
713 4014 769 4070 aut
789 4026 846 4091 per
868 4025 960 4073 saera
981 4012 1101 4096 regalia
1122 4019 1178 4074 aut
1197 4029 1254 4093 per
1275 4028 1358 4074 ccu-

199 4095 380 4158 aensionem
406 4095 481 4160 cleri
507 4093 561 4154 vel
588 4093 690 4174 plebis
710 4092 764 4158 vel
785 4111 842 4174 per
863 4095 1053 4160 electionem
1073 4096 1357 4178 assensionemque

197 4181 380 4264 pontificum
400 4179 441 4242 ad
461 4195 616 4245 summum
637 4177 848 4244 sacerdotium
870 4181 1029 4266 adspirare
1049 4183 1104 4248 vel
1124 4179 1273 4267 provehi,
1296 4179 1356 4245 sed

197 4321 399 4338 ῳ

242 4398 272 4467 ¹)
289 4406 420 4460 suspicere
442 4397 479 4450 ll.
521 4421 558 4436 -·
611 4395 826 4464 tlepeuaouea
846 4396 885 4450 tt.
930 4404 971 4452 -ι-’
1018 4396 1226 4468 ’deambularet
1246 4398 1286 4452 lt.
1318 4423 1356 4438 -

239 4470 270 4537 ⁴)
287 4469 372 4521 Deest
389 4467 440 4521 boe
457 4466 596 4520 concilium
613 4464 643 4519 in
656 4468 752 4521 ceteris
769 4465 846 4520 cedd.
857 4467 935 4536 Hisp.
971 4477 1060 4523 meter
1076 4469 1122 4524 Ε.
1139 4497 1175 4510 -
1192 4470 1254 4523 Nun
1267 4471 1310 4522 eal
1324 4467 1355 4520 in

267 4537 422 4592 collectione
440 4537 542 4592 Isidori.
560 4537 597 4590 lt.
628 4537 664 4578 ..2
706 4538 736 4604 ὅ)
753 4547 798 4590 cat
811 4546 923 4592 ‘uaccae
957 4547 1014 4595 eeat
1031 4557 1074 4611 ap.
1091 4541 1128 4594 lt.
1157 4564 1194 4580 -
1236 4537 1267 4609 θ)
1283 4543 1353 4591 obli·

265 4616 372 4674 §amm
387 4608 426 4663 Ma
459 4635 495 4650 *¹¹
545 4609 574 4678 1)
592 4606 684 4662 Matidia
702 4608 796 4674 102⁸·
829 4633 866 4652 “⁸
