2868 5040
334 245 577 330 couonruri
604 250 942 331 nuanmannusn
964 267 1005 350 v,
1176 255 1246 332 ‘ala

87 450 165 515 pum
194 429 247 496 vel
274 441 400 516 actores
423 435 586 500 ecclesiae
611 457 648 502 so
676 437 831 522 proprium
845 429 1022 500 *crediderit
1041 433 1240 512 babere-ne-

87 516 236 602 gotium,
268 521 353 602 prius
382 516 422 581 ad
451 540 523 583 eum
552 533 690 587 recurrat
717 523 857 585 caritatis
885 523 1009 605 studio,
1037 531 1074 584 ut
1100 521 1239 591 familiari

87 603 229 666 aditione
259 605 466 667 commonitus
492 625 605 670 sanare
632 627 671 671 ea
698 607 815 671 debeat
839 625 923 688 quae
955 609 986 669 in
1004 609 1239 690 ‘quenmoniam
1273 613 1281 616 “

86 689 305 752 deducuntur:
337 704 431 771 qnam
458 709 524 754 rem
551 691 579 754 si
607 689 730 755 differre
757 693 910 775 voluerit,
941 701 1017 755 tunc
1045 693 1168 756 demum
1197 691 1238 766 ad

86 773 318 854 metropolitani
338 772 526 839 audientiam
545 775 698 840 veniatur.
731 777 781 840 De
802 795 865 860 qpa
885 795 920 840 re
941 795 1012 840 cum
1032 777 1139 841 literas
1160 796 1237 842 suas

84 861 348 938 metropolitanus
369 859 409 920 ad
430 864 721 942 comprovincialem
744 862 924 945 episcopum
946 861 1076 943 dederit,
1090 870 1124 925 at
1139 880 1237 926 cause

85 943 159 1024 ipsa
180 945 425 1028 interutrosque
446 962 642 1029 quacumque
663 948 874 1010 transactione
898 947 1008 1009 amicis
1033 947 1146 1011 mediis
1171 965 1235 1012 non

84 1025 182 1090 ruerit
202 1028 349 1110 definita,
376 1039 412 1092 ut
432 1030 493 1110 ipsi
515 1033 756 1114 metropolitano
773 1034 986 1102 necessarium
1006 1032 1048 1093 sit
1069 1033 1100 1094 in
1122 1032 1236 1095 eodem

83 1115 216 1193 negotio
237 1115 351 1176 iterare
370 1118 564 1197 rescriptum,
592 1127 625 1179 et
638 1118 779 1181 secundo
794 1116 971 1180 admonitus
984 1135 1096 1180 sanare
1110 1117 1235 1180 mittere

83 1207 146 1260 aut
165 1201 273 1262 venire
294 1197 459 1281 distulerit,
483 1202 602 1266 tamdiu
623 1221 643 1266 a
663 1205 795 1268 carimte
814 1200 1042 1282 metropolitani
1062 1203 1112 1266 sui
1131 1221 1236 1266 nove·

81 1285 125 1346 rit
155 1303 193 1346 se
220 1299 296 1367 esse
322 1303 529 1367 suspensum,
557 1285 659 1352 donec
687 1288 728 1366 ad
755 1289 966 1367 praesentiam
993 1285 1063 1366 ejus
1090 1289 1234 1372 veniens,

81 1387 207 1432 musae
234 1369 335 1449 ipsius
364 1369 406 1432 de
437 1388 502 1452 qua
529 1373 647 1451 petitur
674 1371 844 1444 reddiderit
872 1373 1032 1460 rationem.
1082 1369 1176 1452 Quod
1203 1374 1235 1436 ai

80 1454 223 1535 patuerit
247 1455 431 1534 episcopum
460 1456 562 1536 ipsum
587 1465 696 1522 contra
718 1455 876 1538 justitiam
899 1458 1086 1540 fatigatum,
1121 1457 1150 1522 is
1179 1457 1233 1537 qui

81 1557 160 1602 eum
180 1536 295 1618 injusta
313 1539 560 1619 interpellatione
581 1543 733 1624 pulsavit,
760 1543 833 1605 anni
851 1542 954 1623 spatio
976 1561 997 1606 a
1015 1542 1232 1608 communione

81 1624 310 1688 ecclesiastica
328 1623 556 1707 suspendatur,
577 1627 606 1689 si
625 1645 701 1690 vero
720 1629 976 1709 metropolitanus
996 1644 1016 1688 a
1036 1643 1232 1709 quocumque

80 1707 339 1788 comprovinciali
366 1709 515 1788 episcopo
541 1708 591 1774 bis
617 1711 711 1774 buerit
741 1713 772 1774 in
793 1730 891 1776 causa
912 1709 1037 1792 propria·
1054 1712 1232 1792 appelatos

80 1803 116 1856 et
147 1811 223 1856 eum
246 1792 353 1856 audire
380 1791 551 1876 distulerit,
578 1795 619 1858 ad
639 1796 809 1875 proximam
830 1797 984 1878 synodum
1006 1794 1233 1876 qoae'eoustia

78 1887 189 1940 tuetur
207 1877 372 1959 negotium
390 1896 483 1942 sunm
503 1880 535 1942 in
555 1880 688 1944 concilio
709 1881 827 1944 babeat
846 1877 1006 1944 licentiam
1024 1877 1172 1944 exerendi
1186 1876 1231 1958 ¹),
1309 1895 1313 1900 ’

80 1973 116 2025 et
140 1963 287 2044 quidquid
307 1981 362 2042 pro
380 1960 506 2043 justitia
520 1983 541 2027 a
554 1963 864 2048 comprovincialibus
878 1965 947 2030 suis
965 1972 1118 2028 statutum
1137 1963 1231 2028 tuerit
1294 2037 1298 2042 ,

77 2047 210 2113 studeat
228 2048 407 2112 observare.
1000 2086 1003 2096 ·
1155 2071 1163 2084 ⁸

77 2185 198 2249 XVIII.
243 2183 356 2248 Vocati
384 2186 662 2268 comprooe‘nciolea
690 2207 713 2250 α
732 2187 974 2271 metroprolr'tano
997 2187 1043 2252 ad
1060 2153 1229 2252 conatum
1328 2207 1333 2211 ·

122 2271 233 2334 venire
254 2273 424 2338 teneantur
443 2291 502 2333 aee
521 2273 592 2348 aine
613 2279 788 2338 commata
809 2294 830 2336 a
853 2272 987 2337 concilio
1008 2273 1185 2342 discedant,

164 2386 201 2451 ld
222 2388 318 2454 etiam
337 2385 411 2450 boio
431 2388 561 2453 decreto
581 2387 769 2455 credidimus
796 2391 1011 2473 inserendum,
1037 2399 1074 2454 ut
1100 2390 1129 2454 si
1154 2385 1231 2470 quis

77 2473 120 2536 d'e
154 2466 467 2553 comprovincialibus
500 2471 658 2555 episeopis
689 2494 710 2536 a
731 2475 966 2556 metropolitano
995 2493 1054 2538 suo
1079 2473 1120 2536 ad
1146 2485 1227 2536 eon-

77 2559 185 2621 cilium
218 2559 300 2620 intra
332 2576 424 2620 suam
459 2557 648 2638 pmvinciam
682 2557 775 2621 buerit
810 2568 984 2638 evocatus,
1026 2565 1061 2620 et
1101 2565 1230 2637 praeter
1313 2557 1317 2568 ’

75 2642 260 2705 evidentem
297 2641 506 2705 infirmitatem
543 2643 595 2704 ad'
623 2644 788 2706 concilium
824 2644 931 2704 venire
962 2641 1136 2721 distulerit,
1171 2649 1226 2702 at-

76 2745 142 2808 que
157 2727 213 2790 de
247 2727 392 2810 synodali
423 2737 581 2790 conventu
607 2736 776 2808 antequam
802 2736 917 2790 cuncta
943 2726 1133 2791 conveniant
1153 2725 1225 2788 sine

74 2821 256 2874 commeatu
293 2811 417 2875 concilii
454 2811 555 2892 ipsius
589 2812 754 2876 discedere
788 2812 924 2876 fortasse
962 2810 1225 2894 praesumpserit,

74 2899 163 2961 seut
204 2904 257 2958 est
294 2896 557 2978 praecedentibus
598 2899 718 2979 regulis
757 2906 909 2960 statutum
955 2915 1017 2960 sex
1063 2895 1225 2958 mensibus

74 3001 95 3044 a
127 2983 294 3044 missarum
325 2981 428 3046 officio
458 2979 676 3062 suspendatur.
721 2979 813 3059 Quod
843 2982 873 3044 si
907 2979 1070 3044 concilium
1100 2979 1225 3042 facien-

74 3067 150 3130 dum
187 3083 403 3147 paraeoumqua
437 3067 616 3130 necessitas
653 3067 740 3128 illata
776 3065 950 3147 distulerit,
989 3085 1010 3130 a
1040 3062 1224 3144 metropoli-

74 3161 151 3214 tano
171 3152 377 3214 conveniam
402 3151 566 3232 postulans
593 3149 634 3214 ad
661 3149 826 3214 missarum
852 3149 1063 3218 faciendarum
1089 3153 1226 3234 gratiam

72 3241 250 3299 revocetur.

225 3351 312 3415 XIX.
354 3349 406 3414 Da
427 3350 586 3413 oblatione
599 3353 781 3435 puellarum
802 3354 837 3414 in
857 3352 1073 3424 monasteria,

160 3468 385 3550 Quaecumque
406 3471 501 3532 etiam
521 3470 646 3551 puellae
667 3487 727 3530 sen
743 3466 866 3548 propria
879 3468 1044 3529 voluntate
1058 3473 1223 3528 monaste-

74 3556 152 3618 rium
173 3563 326 3634 expetunt
345 3573 404 3616 scu
425 3574 445 3616 a
465 3552 851 3635 parentibusofferuutur,
878 3571 990 3614 mnum
1016 3550 1050 3614 in
1068 3552 1139 3631 ipsa
1158 3568 1223 3630 qua

75 3641 258 3716 intraverint
277 3647 371 3702 veste
392 3645 612 3720 permaneant3
639 3637 671 3700 in
687 3635 738 3700 his
757 3637 1064 3719 vero-monasteriis,
1086 3634 1139 3700 ubi
1158 3654 1223 3696 non

76 3733 229 3804 perpetuo
261 3729 405 3786 tenentur
433 3722 591 3804 inclusae,
620 3721 785 3785 triennium
815 3722 847 3783 iu
878 3741 918 3786 ea
948 3739 1011 3803 qua
1038 3716 1222 3782 iutraverint

74 3817 171 3870 veste
191 3815 410 3890 permaneant,
435 3815 470 3870 et
488 3805 687 3888 postmodum
706 3806 880 3870 secundum
899 3814 1022 3871 statuta
1041 3805 1222 3869 monasterii

75 3893 175 3973 ipsius
196 3894 227 3956 iu
251 3911 312 3974 quo
334 3889 486 3976 elegerint
514 3910 713 3973 permanere,
741 3891 933 3956 vestimenta
952 3890 1112 3974 religionis
1131 3891 1220 3954 acci-

74 3978 172 4056 pIant„
219 3973 310 4053 Quae
337 3977 366 4038 si
395 3975 546 4057 deinceps
571 3993 664 4038 sacra
690 3976 901 4058 relinquentes
928 3976 1000 4037 loca
1027 3977 1219 4060 propositum

75 4069 220 4122 sanctum
247 4059 366 4124 saeculi
391 4061 559 4122 ambitione
587 4059 853 4142 transcenderint,
886 4059 939 4121 vel
972 4060 1043 4120 illae
1071 4078 1158 4141 quae
1187 4058 1220 4118 in

75 4143 216 4207 domibus
239 4141 369 4226 propriis
391 4153 455 4206 tam
476 4145 598 4225 puellae
620 4163 712 4226 quam
732 4145 846 4207 viduae
865 4145 1063 4207 commutatis
1077 4141 1220 4203 vestibus

75 4235 315 4311 convertuntur,
348 4248 420 4292 cum
452 4229 502 4292 his
535 4229 647 4310 quibus
680 4225 825 4311 conjugio
854 4231 1036 4309 copulantur
1060 4224 1218 4292 ecclesiae

77 4312 293 4375 communione
314 4315 485 4394 priventur.
526 4313 612 4376 Sanc
638 4315 667 4376 si
694 4313 817 4393 culpam
844 4313 1095 4397 sequestratione
1120 4327 1218 4376 sena-
1259 4357 1264 4361 -

76 4397 192 4479 verint,
213 4397 253 4459 ad
274 4395 498 4464 communionis
516 4400 648 4482 gratiam
670 4407 865 4464 revocentur.

118 4611 148 4679 ¹)
166 4621 299 4666 exorante
316 4613 380 4678 liet.
399 4579 515 4678 mter.
534 4613 564 4664 Α.
600 4641 634 4652 -

709 4750 714 4754 '
740 4749 779 4782 l
