2868 5040
200 231 268 300 ιιι
487 227 730 298 οοιιιιιιιιιι
755 227 1013 335 numerem
1032 231 1070 298 u.

201 405 245 468 nt
265 401 342 468 licet
360 397 423 466 oso
443 401 577 484 propitlo
596 401 779 468 clericorum
793 417 921 468 snorum
934 399 1113 468 testimonio
1127 409 1240 468 ιιιιιιι
1253 401 1362 484 vivan

169 537 175 552 .
201 489 276 574 quia
295 503 368 552 eran
389 487 441 550 illo
462 496 527 552 tarn
548 485 580 552 in
601 489 682 552 cella
698 506 791 570 quam
811 489 999 572 ubicumque
1020 489 1112 552 tuerit
1132 491 1182 552 sni
1200 487 1358 568 habitent,

203 573 535 720 spequedpreabyten
554 580 588 637 et
608 573 731 636 diaconi
743 573 797 700 νοΙΙ
817 573 969 698 qleinceps
988 575 1168 638 clen'eorum
1187 573 1283 720 turbla
1300 573 1360 653 ju-

201 665 552 808 tt'ttttmttt
569 657 1376 828 ttgttttt,littntttptttttttt,

200 835 238 891 nt
257 841 319 890 nec
338 825 371 890 bi
392 827 445 908 qni
465 826 506 890 atl
527 843 618 908 apem
637 825 881 908 recuperandam
906 827 1088 892 clericorum
1115 829 1271 896 sanitate
1292 845 1358 890 nu-

200 911 348 1016 triuntur,
370 911 551 976 famularum
571 910 744 994 propinqua
765 910 954 996 contagione
975 913 1158 994 polluantur.

250 1029 335 1094 XIII.
385 1026 430 1092 tn
457 1028 619 1111 episcopas
648 1030 705 1112 qai
728 1029 893 1112 conjugem
919 1047 982 1092 noo
1008 1027 1103 1094 totae
1132 1033 1304 1091 atroam

536 1113 683 1177 mulieres
703 1113 790 1176 domi
809 1133 872 1176 non
892 1109 1018 1177 note.

285 1197 478 1282 npnoopnm
503 1196 685 1279 episcopam
712 1217 775 1261 non
798 1199 966 1262 habentem
986 1198 1070 1262 nulla
1089 1205 1240 1278 sequatur
1258 1197 1353 1262 turba

205 1283 376 1365 mulierum,
399 1284 476 1346 licet
494 1284 635 1346 salvetur
655 1284 703 1344 vir
722 1301 778 1364 per
797 1285 957 1347 mulierem
976 1282 1101 1368 fidelem
1119 1283 1204 1346 sieut
1224 1291 1260 1344 et
1279 1301 1353 1344 mu-

131 1423 135 1434 ,
199 1369 256 1432 Ιίοι
269 1389 326 1450 per
338 1370 438 1431 virum
456 1366 591 1449 boetem,
605 1375 641 1430 ut
661 1368 823 1448 apostolus
837 1369 882 1454 ait
892 1367 945 1451 ¹)3
966 1387 1038 1432 nam
1051 1367 1104 1430 ubi
1118 1367 1191 1430 talis
1205 1369 1353 1432 castolla

198 1453 380 1517 necessaria
400 1469 463 1514 non
489 1459 556 1533 est,
584 1451 658 1532 quid
683 1467 820 1516 necesse
846 1460 899 1518 est
927 1461 963 1516 ut
991 1450 1116 1517 miseria
1143 1462 1352 1534 prosequatur

115 1549 121 1563 ·
198 1535 284 1600 unde
316 1537 400 1600 mma
432 1529 635 1622 consurgat?¹
679 1537 826 1602 Ilsbeaut
858 1535 988 1602 ministri
1020 1535 1202 1620 ecclesiae,
1237 1535 1350 1621 ntique

199 1620 308 1687 clerici
327 1619 552 1705 qui'episcopo
578 1622 721 1686 sen-tunt
742 1631 775 1685 et
795 1641 868 1688 eum
895 1624 1054 1688 custodire
1083 1621 1217 1705 (labem,
1246 1625 1349 1688 liceu-

198 1707 275 1774 tiam
295 1715 463 1773 extraneas
483 1706 629 1772 mulieres
649 1705 690 1770 tle
710 1707 886 1791 frequentin
906 1706 1146 1774 cohabitationis
1166 1707 1293 1790 ejicere.

221 1823 310 1891 xlv.
338 1821 471 1891 Nedao
493 1825 603 1890 clerici
623 1831 681 1890 ant
701 1825 848 1889 monaehi
869 1828 904 1889 in
925 1845 988 1890 ano
1008 1829 1114 1887 atrata
1133 1825 1328 1903 reenmbant,

324 1918 358 1974 et
377 1917 415 1974 at
434 1912 582 1974 monaehi
602 1930 707 1976 omnes
726 1913 763 1973 in
784 1913 940 1974 communi
958 1910 1066 1974 sobole
1079 1911 1227 1991 jaceant.

284 1995 328 2058 st
344 2007 394 2058 ‘nc
423 1997 552 2067 occasio
572 1997 683 2058 famam
705 1997 825 2059 laceret
845 1997 1040 2075 honestatis,
1067 1997 1139 2078 quia
1161 1995 1255 2077 aliqui
1274 1995 1348 2057 laici

200 2079 273 2144 dum
294 2079 420 2144 diversa
438 2089 619 2162 perpetrant
639 2081 790 2145 adulteria
810 2081 871 2145 hoo
891 2081 1035 2163 quotide
1054 2097 1092 2142 se
1113 2081 1217 2142 sciunt
1231 2082 1263 2143 in
1277 2082 1349 2143 aliis

73 2234 78 2248 q
199 2163 415 2245 suspicantur,
436 2167 521 2228 sieut
541 2168 586 2227 ait
606 2165 732 2228 Seneca
752 2165 922 2249 pessimum
943 2164 974 2229 in
997 2184 1035 2228 eo
1055 2165 1165 2227 vitium
1186 2180 1271 2246 esse,
1294 2167 1347 2247 qui

201 2249 234 2310 in
256 2247 289 2310 id
310 2266 372 2328 quo
392 2249 508 2312 Insanit
527 2259 654 2313 ceteros
674 2259 764 2329 putat
790 2250 911 2314 furere:
939 2259 975 2314 ut
1002 2267 1078 2333 ergo
1105 2251 1174 2330 ipse
1201 2252 1348 2314 sinistrae

201 2331 442 2396 existimationis
462 2332 567 2396 aditus
588 2341 774 2415 amputetur,
788 2337 890 2399 nullus
910 2337 1108 2400 sacerdotum
1123 2352 1161 2399 ae
1175 2337 1348 2399 monacho-

199 2435 266 2483 rum
287 2417 435 2501 colligere
456 2419 547 2482 aliurn
569 2419 698 2482 inlecto
713 2438 771 2483 suo
786 2429 982 2503 praesumat3
1003 2439 1064 2483 nec
1076 2421 1171 2484 liceat
1184 2421 1348 2483 monacbis

199 2503 330 2570 cellulas
352 2503 468 2567 habere
488 2522 679 2586 communes,
695 2503 749 2567 ubi
769 2515 824 2568 aut
842 2506 907 2567 bini
927 2513 1074 2568 maneant
1094 2513 1149 2568 aut
1169 2507 1348 2586 peculiares

197 2590 308 2672 reponi
338 2590 480 2672 possint,
514 2590 573 2654 sed
599 2590 717 2654 schole
736 2591 841 2654 labore
868 2591 1023 2655 communi
1049 2599 1262 2672 construatur,
1293 2591 1347 2654 ubi

198 2693 309 2738 omnes
330 2673 460 2756 jaceant
486 2684 543 2738 aut
561 2676 676 2740 abbate
698 2683 753 2738 aut
772 2677 952 2758 praeposito
964 2676 1193 2760 gubernante,
1215 2686 1252 2738 ut
1272 2674 1348 2737 dnm

162 2829 165 2836 Δ
198 2758 260 2824 (luo
280 2759 334 2823 vel
355 2769 421 2823 tres
440 2760 582 2823 vicissim
602 2761 713 2842 legunt
734 2770 767 2822 et
793 2763 953 2824 excubant
968 2759 1031 2824 'alii
1060 2761 1279 2824 consolentur:
1312 2769 1350 2822 ut

199 2863 263 2906 non
293 2842 395 2908 solum
425 2845 468 2907 sit
498 2844 644 2909 custodm
673 2863 833 2926 corporum
862 2845 921 2911 sed
951 2855 985 2910 et
1013 2854 1126 2930 surgat
1152 2844 1349 2930 proiectione

21 3013 25 3028 ι
94 3001 97 3008 7
196 2926 326 2994 assidua
345 2927 506 3012 proiectus
526 2927 703 2995 animarent

156 3095 159 3104 .
237 3045 312 3110 XV.
350 3046 402 3110 De
421 3051 585 3115 monacbis
606 3054 661 3136 pai
682 3052 832 3136 conjugia
858 3043 970 3120 ineant
995 3049 1306 3114 excommunicandis

502 3141 536 3198 et
557 3137 679 3198 cnsilio
695 3139 820 3215 judicie
840 3139 1037 3220 eeprercndia.

280 3213 318 3280 st
339 3215 443 3299 quiin
464 3218 653 3282 monasterio
674 3223 819 3283 conversi
839 3231 914 3285 sunt
934 3232 990 3284 aut
1017 3217 1159 3284 converti
1177 3220 1347 3301 voluerint,

197 3299 376 3366 nullatenus
397 3303 511 3368 exinde
531 3304 669 3368 habeant
686 3302 843 3368 licentiam
864 3304 1031 3390 evagandi,
1051 3323 1122 3386 uec,
1145 3306 1229 3387 quod
1250 3307 1348 3387 absit,

191 3388 277 3468 ullus
289 3407 413 3452 ¹eorum<
426 3388 593 3475 conjugem
613 3389 729 3454 ducere
751 3397 807 3452 aut
827 3400 1046 3454 extranearum
1063 3391 1222 3453 mulierum
1250 3389 1349 3454 fami-

193 3473 360 3538 liaritatem
379 3475 506 3539 habere
529 3477 613 3540 Nam
634 3476 672 3557 si,
693 3483 729 3537 ut
749 3477 974 3556 supradictum
989 3485 1051 3558 est,
1065 3494 1192 3538 uxorem
1207 3475 1347 3557 duxerit,

193 3559 496 3642 excommunicetur,
524 3561 624 3629 et.de
648 3561 755 3624 uxoris
781 3562 862 3624 male
890 3563 1032 3625 sociatae
1060 3559 1217 3624 consortio
1244 3562 1347 3624 etiam

141 3692 145 3698 .
189 3641 307 3724 judicis
327 3645 442 3708 auxilio
464 3653 645 3727 separetur:
676 3644 809 3728 quodsi
832 3644 931 3727 judex
951 3640 993 3709 ad
1013 3648 1075 3708 hoc
1097 3646 1244 3708 solatium
1266 3645 1346 3709 dare

192 3730 345 3810 noluerit,
384 3733 678 3794 excommunicetur.
743 3729 804 3808 Qui
834 3730 943 3793 infelix
972 3731 1145 3794 monachus
1176 3729 1232 3792 tali
1261 3749 1347 3803 con-

189 3810 353 3892 junctione
372 3813 528 3897 foedatus,
553 3816 581 3878 si
602 3834 658 3898 per
679 3812 905 3898 cujuscumque
924 3815 1127 3896 patrocinium
1147 3833 1185 3878 se
1206 3823 1346 3878 conatus

190 3896 284 3960 fuerit
312 3898 495 3984 defensare,
524 3908 558 3963 et
579 3898 608 3964 is
628 3897 682 3982 qui
700 3896 737 3978 in
752 3900 813 3974 hac
834 3901 1053 3981 pertinacitate
1073 3899 1220 3982 perdurat
1242 3908 1279 3962 et
1301 3901 1346 3961 illi

190 3981 244 4064 qui
271 4001 343 4045 eum
372 3985 555 4068 exceperint
583 3985 622 4074 aql
651 3983 876 4048 defensandum
896 3985 936 4048 ab
958 3985 1097 4048 ecclesia
1117 3993 1345 4068 segregentur,

191 4065 292 4132 donec
319 4077 492 4133 revertatur
517 4069 560 4133 ad
586 4077 680 4152 septa
707 4069 900 4151 monasterii,
929 4078 962 4132 et
983 4068 1131 4132 indictam
1157 4070 1197 4131 ab
1225 4071 1344 4136 abbate

60 4203 69 4212 .
190 4149 337 4234 quamdin
356 4151 387 4214 ei
407 4162 608 4237 praeceptum
629 4154 722 4218 fuerit
742 4163 820 4239 agat
840 4151 1072 4237 poenitentiam,
1089 4163 1218 4237 etpost
1239 4157 1344 4220 satis·

187 4235 354 4340 tectionem
375 4247 551 4303 revertatur
571 4240 612 4306 ad
632 4240 775 4324 gratiam.

229 4453 258 4521 1)
275 4422 371 4510 ¹Melius
388 4458 458 4510 Iorte
476 4457 540 4522 Reg.
559 4455 598 4520 D,
618 4473 647 4520 a,
672 4455 825 4524 etantiqua
843 4458 963 4510 collectio
981 4456 1174 4523 registetis:
1204 4467 1263 4518 coto
1282 4475 1341 4511 earn

216 4522 218 4534 ¹
254 4519 297 4572 Illo
313 4559 321 4572 ·
335 4529 400 4576 seat
416 4535 526 4579 tatttcnt
542 4543 644 4585 commis
660 4537 844 4588 proeconantur
855 4537 880 4578 et
896 4537 1034 4591 presbyten
1051 4534 1244 4579 commovet
1261 4535 1339 4580 aaa·

255 4605 313 4652 ‘m
327 4599 626 4650 matemautensem
643 4603 949 4650 noetoreeemreomor.
982 4621 1019 4636 -
1060 4595 1090 4664 ²)
1108 4597 1123 4648 l
1138 4595 1200 4650 Cor.
1215 4596 1241 4661 7,
1256 4596 1303 4650 14.
