2868 5040
313 179 605 317 scultennam
630 223 888 332 aasumensi
908 229 945 294 ιι.
1008 211 1010 216 ’
1112 228 1116 240 ·
1166 225 1231 297 aas

74 399 248 464 coadunati
274 415 331 479 pro
359 414 442 480 pace
470 407 504 462 et
524 397 729 462 instructione
750 401 909 464 eeclesiae
928 407 1131 483 opportunum
1154 419 1228 464 cre-
1309 440 1312 449 ι

74 485 215 547 didimus
256 485 491 569 subterannexa
530 482 659 547 decreta
695 484 850 549 conticere
884 495 918 549 et
949 486 1228 568 subscriptionibus

73 571 210 652 propriis
230 570 383 648 roborare,
404 577 440 631 ut
460 568 664 653 retundantur
683 570 785 649 noxia,
807 580 1020 653 propagentur
1039 579 1164 651 optata:
1185 589 1227 634 ne

75 655 296 718 taciturnitate
311 653 426 715 silentii
440 654 625 715 vitiosorum
646 651 804 727 criminum
824 655 931 717 nutriri
949 656 1107 718 videretur
1125 657 1227 718 licen-

74 740 142 819 tia,
170 757 232 800 non
254 738 411 818 abscindi,
440 747 475 799 et
496 755 577 822 quae
599 747 771 818 opportuna
790 749 879 820 erant
899 758 955 820 pro
974 741 1123 820 qualitate
1144 749 1228 802 tem·

73 822 163 906 poris
184 821 293 904 adjici,
319 830 583 903 non=putarentur
603 820 723 905 negligi
744 822 804 884 sed
824 834 1027 905 procurentur
1042 825 1074 903 ¹)
1099 824 1227 905 impleri.

101 962 127 1023 1.
157 959 210 1022 De
230 959 347 1042 synodo
368 957 416 1027 bis
433 980 493 1041 per
511 958 655 1044 singulos
675 977 775 1022 aenos
796 967 855 1023 aut
873 941 971 1022 sernel
991 963 1203 1026 conseranda.
1319 983 1322 992 ’

162 1077 285 1138 Placuit
312 1075 418 1158 itaque
445 1086 558 1140 saneto
585 1077 735 1158 concilio,
762 1078 946 1160 interposita
967 1079 1083 1146 virtute
1111 1080 1226 1144 domini
1299 1088 1305 1092 ”

72 1162 204 1226 Martini
224 1161 256 1224 in
275 1169 389 1230 sancta
409 1161 540 1225 basilica
560 1182 620 1226 sua
640 1161 796 1226 conscribi
808 1163 859 1245 ἓ),
882 1175 919 1227 ut
932 1165 987 1252 *bis
1008 1164 1049 1227 ad
1070 1166 1226 1249 synodum

72 1247 170 1310 annis
189 1244 325 1330 singulis
335 1248 598 1329 ,metropolitanus
626 1256 661 1310 et
687 1250 965 1330 comprovinciales
993 1251 1042 1319 sui
1068 1252 1224 1316 inlocum
1274 1269 1278 1280 ‘

72 1351 171 1414 quem
203 1332 382 1396 deliberatio
413 1333 639 1413 metropolitani
670 1332 804 1414 elegerit
838 1333 897 1396 deo
927 1336 1113 1415 propitiante
1146 1356 1226 1399 con-

69 1418 213 1498 veniant,
229 1425 283 1494 ant
296 1417 325 1480 si
338 1415 519 1480 necessitas
533 1415 618 1480 sicut
632 1417 788 1480 hactenus
808 1417 997 1482 inevitabilis
1016 1421 1225 1501 praepedierit

53 1489 127 1565 'vel
153 1503 252 1566 semel
272 1501 304 1563 in
325 1521 406 1564 auno
429 1503 497 1564 sine
518 1501 686 1582 cujuslibet
707 1505 915 1568 excusatione
933 1523 1097 1586 personae,
1117 1503 1151 1568 id
1171 1514 1224 1570 est

72 1586 188 1672 regiae
201 1589 253 1650 vel
274 1587 425 1668 privatae,
446 1588 515 1650 sine
536 1585 760 1668 cujuscumque
781 1589 924 1652 utilitatis
946 1590 1108 1654 obstaculo
1129 1610 1225 1671 prae-

70 1683 120 1736 ter
144 1673 332 1735 infirmitatis
353 1673 546 1735 certissimae
566 1672 671 1736 labore
692 1682 904 1755 praeventum,
921 1675 1034 1737 nullius
1054 1673 1225 1738 occasione

70 1755 242 1820 velaminis
262 1756 378 1820 habeat
397 1758 611 1841 unusquisque
632 1775 835 1820 concursum:
855 1760 914 1820 sed
934 1761 1018 1821 sicut
1032 1757 1150 1822 dictum
1173 1770 1225 1827 est

70 1863 181 1928 neque
208 1862 264 1923 per
291 1839 544 1923 impedimentum
572 1841 772 1905 ordinationis
793 1843 901 1924 regiae
921 1862 1024 1925 neque
1045 1845 1104 1906 sub
1125 1863 1226 1908 occa-

73 1930 168 1992 sione
195 1925 340 1990 utilitatis
368 1936 424 1990 aut
445 1947 562 1991 causae
583 1923 725 2007 propriae
745 1927 862 1989 debeat
882 1946 902 1990 a
923 1927 1054 1989 concilio
1076 1931 1239 2007 separari,-

70 2013 218 2094 apostolo
245 2011 464 2094 praedicante:
502 2012 580 2090 Quis
606 2031 664 2073 nos
686 2011 891 2092 sperabitur
914 2015 1053 2074 caritate
1077 2012 1225 2076 Christi?

72 2099 244 2160 tribulatio
266 2117 309 2160 urz
330 2099 484 2180 angustia
505 2117 548 2160 ort
561 2099 745 2180 persecutio
766 2115 809 2180 urz
830 2098 939 2178 famas
966 2116 1009 2159 ara
1029 2099 1160 2161 nuditas
1181 2121 1225 2164 ora

66 2183 250 2266 periculam
280 2202 323 2245 ab
353 2177 509 2266 gladius?
545 2190 579 2244 et
610 2182 728 2262 reliqua
742 2179 785 2258 8).
841 2184 917 2244 Νοιι’
947 2179 1043 2244 debet
1072 2184 1225 2264 spirituali

71 2269 164 2349 operi
184 2269 278 2330 etiam
298 2270 414 2350 regalis
434 2267 581 2349 praeferri
600 2264 791 2348 praeceptio,
811 2285 882 2330 cum
898 2267 1025 2348 primum
1040 2267 1070 2330 in
1086 2270 1225 2334 ecclesia

72 2356 115 2416 sit
136 2353 334 2418 mandalum:
353 2351 482 2436 Diliges
500 2349 773 2436 dominumldeum
793 2359 882 2414 tuam
902 2373 942 2415 er
965 2353 1034 2415 toto
1056 2357 1149 2418 corde
1170 2362 1225 2418 iao

73 2447 107 2502 et
128 2459 173 2500 es
190 2445 264 2500 'tuta
285 2439 394 2500 anima
416 2445 474 2500 tua
495 2444 529 2499 et
549 2457 590 2501 aa
611 2444 683 2499 tota
704 2439 825 2499 uirtute
845 2443 921 2498 tau:
943 2439 1026 2500 unde
1046 2458 1109 2503 non
1129 2440 1226 2502 debet

73 2532 246 2604 praecepto
276 2521 390 2584 domini
416 2540 551 2602 persona
577 2520 751 2598 cuiuslibet
770 2518 904 2582 hominis
924 2523 1090 2604 anteponi,
1120 2541 1224 2604 neque

72 2609 173 2671 debet
194 2617 335 2670 terrenae
357 2606 542 2669 conditionis
562 2606 645 2668 actio
665 2605 719 2664 vel
740 2617 875 2688 persona
894 2613 1011 2667 terrere
1031 2624 1112 2687 quos
1130 2607 1224 2670 chri-

74 2703 148 2755 stus
175 2711 233 2773 spe
261 2691 365 2755 crucis
391 2691 533 2754 armavit.
590 2688 626 2752 Si
654 2685 724 2770 quis
753 2691 988 2772 episcoporum,
1014 2700 1050 2752 ut
1078 2692 1224 2772 superius
1313 2715 1316 2722 ·

73 2779 284 2859 dictumest,
314 2775 355 2839 ad
375 2777 529 2860 synodum
550 2775 658 2837 venire
674 2772 850 2855 distulerit,
877 2794 979 2856 usque
1008 2773 1047 2838 ad
1074 2775 1224 2858 majorem

73 2862 231 2946 synodum
260 2881 279 2924 a
303 2862 540 2943 metropolitano
554 2859 589 2940 ⁴)
618 2868 651 2922 et
679 2861 991 2942 comprovincialibus
1015 2870 1141 2924 maneat
1162 2883 1224 2926 ex-

73 2949 342 3028 communicatuS,
374 2965 435 3010 nec
467 2946 497 3008 ei
529 2964 571 3006 ex
603 2944 664 3006 alia
695 2944 856 3024 provincia
887 2945 971 3007 ullus
1003 2946 1172 3029 episcopus
1187 2947 1221 3028 ³)

72 3031 208 3096 interea
231 3033 460 3096 communicare
494 3037 694 3112 praesumat3
725 3026 799 3110 ipse
835 3031 916 3092 enim
948 3048 1027 3094 suae
1055 3029 1223 3098 'divisionis

73 3126 242 3200 praeparat
261 3119 482 3197 instrumenta,
509 3116 563 3199 qui
589 3131 661 3178 cum
682 3109 751 3177 suis
776 3114 922 3180 iratribus
943 3116 975 3180 in
996 3117 1143 3182 membris
1157 3124 1225 3184 'ec-

72 3206 194 3268 clesiae
214 3221 276 3265 non
296 3202 474 3267 concordat.

265 3327 302 3390 ll.
344 3327 397 3390 De
416 3347 502 3410 poce
522 3330 607 3392 inter
622 3321 789 3412 ,eprisemros
809 3295 1035 3390 resecanda.
1096 3402 1100 3414 ι

160 3449 240 3510 Item
265 3441 440 3509 decernitur
466 3456 592 3528 propter
618 3444 693 3506 illud
719 3443 860 3506 eoeleste
879 3444 1078 3509 mandatumz
1108 3444 1226 3509 Pacem

72 3549 180 3600 ‘meam
201 3533 241 3594 do
263 3531 351 3594 uobis
366 3528 417 3612 ⁸),
443 3538 480 3591 nt
505 3529 692 3612 pontificalis
719 3527 855 3592 affectus
878 3529 959 3592 inter
979 3530 1226 3594 consacerdotes
1243 3546 1260 3584 ,·

76 3618 293 3682 inviolabiliter
319 3622 544 3698 conservetu13
573 3633 682 3677 verum
709 3613 737 3676 si
764 3631 820 3695 pro
848 3615 1008 3696 peccatis,
1037 3624 1073 3677 ut
1093 3614 1224 3698 assolet,

76 3724 95 3765 e
122 3721 223 3766 causa
249 3702 327 3763 livor
353 3701 514 3779 emerserit
544 3707 578 3762 ut
608 3698 766 3781 pendente
797 3701 967 3762 certamine
998 3696 1058 3764 sibi
1087 3695 1227 3763 invicem

76 3787 269 3851 reconciliari
289 3805 351 3847 non
371 3785 496 3866 possint
503 3829 528 3865 ,x
544 3785 656 3848 electis
677 3783 716 3846 ab
737 3793 869 3868 utraque
889 3795 978 3865 parte
998 3781 1161 3867 fratribus,
1191 3785 1225 3848 id
1342 3851 1355 3861 ‚

76 3882 128 3935 est
149 3871 362 3956 presbyteris,
382 3869 648 3951 praeponderante
670 3867 922 3958 dulcedineulitis,
933 3869 1041 3952 jactrla
1060 3867 1170 3935 liniant
1191 3859 1232 3934 et'

79 3968 153 4020 vota
181 3955 271 4039 pacis
296 3955 467 4036 acquirant.
516 3956 600 4017 Nam
627 3973 690 4038 qua
718 3953 818 4016 fronte
847 3955 1002 4018 festucam
1029 3955 1070 4018 de
1096 3954 1226 4018 alterius

78 4043 170 4106 oculo
184 4044 262 4104 velit
279 4059 397 4121 eruere,
412 4039 465 4122 qui
485 4036 517 4101 in
538 4058 597 4103 suo
618 4039 737 4108 trabem
757 4057 819 4100 non
840 4041 968 4120 respicit
988 4035 1226 4106 imminentem?

77 4136 133 4190 aut
159 4126 233 4210 quid
259 4128 291 4189 in
319 4123 389 4190 aliis
410 4133 542 4207 arguat,
568 4143 589 4188 a
609 4143 670 4207 quo
691 4124 796 4206 ιιιιςὶε
816 4120 885 4186 vitii
905 4125 975 4189 fons
993 4117 1152 4190 mundat?
1186 4121 1225 4186 si

76 4214 148 4296 quis
168 4212 275 4275 intem
296 4210 336 4273 ab
356 4217 487 4291 utraque
510 4218 609 4292 parte,
629 4217 665 4272 ut
686 4207 804 4272 dictum
824 4216 886 4291 est,
900 4211 1014 4276 electis
1032 4209 1226 4296 presbyteris

120 4459 150 4528 1)
167 4469 313 4524 paterentur·
330 4502 337 4516 .
352 4498 358 4514 .
376 4471 572 4526 procurarentur
587 4463 654 4528 Rea.
672 4463 706 4530 D,
723 4479 748 4516 a.
768 4491 805 4502 -
835 4459 866 4527 ²)
884 4465 1019 4522 commati
1036 4453 1148 4528 (absque
1164 4458 1225 4527 saa)

136 4529 315 4598 ‘Reg.l)‚a.
348 4563 384 4573 -
426 4533 658 4600 mitoneis.
693 4558 728 4570 -
768 4531 972 4600 ‘Judatrtbas
987 4527 1156 4598 Reg.D,a.
1189 4552 1226 4566 -

120 4599 151 4666 ⁸)
166 4610 337 4663 manoperam
353 4602 420 4668 neg.
437 4603 471 4656 D.
504 4628 540 4642 —
582 4600 816 4671 ⁶)toh.1t‚2t.
851 4629 886 4640 -

122 4691 187 4738 aar.
200 4693 258 4742 eser.
274 4697 296 4742 1.
307 4703 329 4741 2.
888 4717 896 4723 -
944 4683 986 4746 lb
