2858 5036
201 231 266 297 too
466 221 707 296 contemnor
728 225 1022 296 nnncmtansn
1042 229 1094 294 tit

169 393 171 404 ⁴
202 400 320 466 scelus.
346 398 466 483 'liujus
498 417 576 483 crgo
603 399 837 482 praeceptionis
865 399 1090 484 tumgrascr'
1106 415 1167 464 aex
1195 401 1359 466 mensibm

200 506 240 554 ae
258 486 383 550 noverit
401 484 614 569 poenitentiae
634 487 760 582 legibus
780 484 956 566 subjacere.

215 613 259 678 V.
293 613 344 676 De
366 613 520 676 damnata
534 615 796 696 praesumptione
816 613 1019 696 quorumdam
1040 615 1266 698 episcoporum,
1289 610 1344 698 qni

216 703 252 764 in
268 699 507 778 festivitatibus
528 705 701 780 matyrum
723 699 768 762 od
787 698 951 761 eccleciam
969 699 1174 782 procedentes
1192 701 1343 782 appensio

263 783 342 847 collo
357 784 501 868 reliqniia
517 781 556 846 ab
572 783 690 846 albatia
704 784 891 848 diaconibus
905 786 941 878 in
955 781 1079 846 sedulio
1088 784 1244 848 celantur
1256 784 1303 865 ¹).

296 887 386 950 Bona
416 883 570 968 siquidem
601 902 654 949 res
685 895 739 966 est
761 885 878 956 ¹divina
906 884 1126 952 sacerdotibus
1156 895 1355 952 contrectate

200 973 366 1056 mysteria,
399 971 457 1036 aad
482 971 658 1035 cavendum
683 970 779 1035 valde
809 981 861 1036 est
887 991 928 1036 ne
953 973 1015 1036 hoc
1045 973 1179 1054 quisque
1200 970 1242 1034 ad
1263 991 1355 1034 usum

201 1059 368 1142 pravitatis
389 1076 468 1121 suae
489 1057 679 1139 intorqueat,
709 1055 793 1122 unde
812 1059 871 1120 soli
892 1057 952 1122 deo
974 1056 1015 1120 de
1037 1056 1117 1119 bono
1138 1057 1355 1120 conscientiae

199 1145 327 1226 placere
348 1141 518 1226 debuerat,
537 1143 687 1224 scriptum
705 1151 757 1206 est
770 1144 867 1208 adm:
896 1141 961 1204 Vae
981 1141 1032 1204 bia
1054 1144 1110 1226 qui
1122 1145 1256 1224 saciant
1280 1163 1354 1226 opta

201 1231 323 1294 domini
335 1227 562 1310 fraudulenter
582 1236 615 1290 et
636 1226 847 1309 desidioee2).
890 1227 934 1290 lt
955 1227 1038 1290 enim
1058 1227 1260 1309 quorumdam
1282 1230 1353 1309 epi·

200 1333 367 1395 scoparum
389 1313 579 1376 detestanda
599 1314 810 1394 praesumptio
831 1322 937 1376 nostro
954 1331 993 1376 se
1014 1312 1122 1374 coetui
1148 1313 1250 1376 intulit
1279 1311 1355 1376 diri-

198 1399 331 1478 menda,
360 1399 548 1480 agnovimus
568 1395 719 1478 quosdam
740 1399 910 1480 episcopos
924 1396 1063 1480 ³)quod
1083 1398 1114 1458 in
1137 1397 1350 1460 solemnitati-

200 1485 261 1547 bus
282 1491 452 1565 martyrum
473 1482 513 1544 ad
535 1479 704 1545 ecclesiam
725 1483 921 1565 progressuri
941 1483 1087 1563 reliquias
1109 1483 1189 1544 collo
1210 1499 1270 1545 suo
1292 1483 1353 1544 im·
1418 1543 1419 1554 ,

199 1576 335 1650 ponant,
355 1576 389 1628 et
409 1577 447 1632 ut
464 1566 589 1648 majoris
603 1567 707 1630 faetus
721 1568 804 1648 apud
818 1567 960 1630 homines
975 1568 1073 1650 gloria
1087 1566 1353 1646 intumescant⁴),

199 1655 290 1736 quasi
316 1653 377 1732 ipsi
405 1655 469 1714 sint
493 1649 689 1733 reliquiarum
716 1671 789 1715 arca
817 1651 934 1716 levitae
960 1653 1039 1716 albia
1061 1651 1160 1716 induti
1181 1653 1212 1714 in
1233 1653 1354 1714 sellulis

199 1755 258 1802 eos
294 1735 469 1818 deportant.
528 1735 619 1815 Quae
653 1735 841 1800 detestanda
872 1738 1083 1819 praesumptio
1117 1738 1260 1819 abrogari
1296 1756 1354 1818 per

199 1823 304 1886 omnia
323 1822 442 1905 debet,
470 1841 510 1884 ne
540 1823 599 1884 sub
625 1822 805 1886 sanctitatis
832 1824 942 1904 specie
970 1823 1117 1886 simulata
1136 1825 1261 1900 vanitas
1282 1823 1354 1885 sola

198 1909 403 1992 praevaleat,
433 1909 462 1972 si
488 1907 612 1970 modum
638 1925 730 1969 suum
756 1906 1003 1988 uniuscujusque
1032 1906 1147 1970 ordinis
1173 1909 1353 1970 reverentia
1419 1953 1420 1956 ,

198 2013 261 2056 non
283 2002 449 2075 agnoscat.
489 1993 532 2055 Et
559 1993 631 2055 ideo
653 1994 780 2075 antiqua
801 1994 832 2054 in
854 1993 915 2058 hac
936 2001 1026 2074 perte
1047 2001 1081 2055 et
1101 1989 1250 2055 solemnis
1270 2010 1354 2055 con·
1413 2042 1416 2051 .

111 2095 119 2114 ‘
200 2079 336 2141 suetudo
357 2087 511 2156 servetur,
532 2086 567 2138 ut
589 2079 619 2139 in
640 2077 732 2140 iestis
752 2079 1058 2160 quibusquediebus
1070 2076 1104 2158 ⁸)
1119 2095 1222 2140 arcam
1236 2075 1353 2138 domini

151 2179 155 2200 ¹
199 2181 271 2226 cum
292 2163 430 2244 reliquiis
450 2182 512 2222 non
535 2161 676 2242 episcopi
697 2163 756 2225 sed
777 2164 894 2225 levitae
916 2165 947 2224 in
967 2163 1103 2225 humeris
1124 2171 1263 2246 gestent,
1277 2163 1352 2244 qui-

198 2249 260 2311 bus
276 2256 309 2308 et
329 2249 360 2308 in
374 2247 477 2308 veteri
497 2245 616 2328 leget)
630 2264 710 2307 onus
732 2247 763 2308 id
785 2256 818 2308 et
839 2249 1016 2328 impositum
1036 2249 1180 2310 novimus
1200 2254 1234 2309 et
1253 2266 1352 2328 prae-

197 2341 334 2413 ceptum.
378 2329 470 2409 Quod
498 2331 527 2392 si
555 2332 649 2393 etiam
678 2332 847 2413 episcopus
875 2332 1022 2412 reliquias
1048 2350 1104 2413 per
1129 2351 1166 2394 se
1186 2332 1350 2414 deportare

199 2416 352 2499 elegerit,
382 2435 444 2478 non
471 2417 541 2495 ipse
569 2435 589 2478 a
617 2413 800 2480 diaconibus
826 2417 857 2477 in
883 2418 993 2479 sellula
1007 2416 1041 2496 ⁷)
1067 2416 1262 2499 vectabitur,
1290 2417 1350 2478 sed

105 2527 109 2538 ·
198 2506 304 2586 potius
325 2501 517 2583 perlisseqna
537 2521 575 2564 eo
596 2519 659 2563 una
680 2521 751 2564 cum
771 2501 895 2583 populis
915 2500 1137 2585 progressione
1158 2501 1350 2582 procedente
1420 2511 1421 2520 ’

198 2589 239 2653 ad
269 2587 490 2670 conventicula
517 2594 696 2650 sanctarum
726 2589 929 2650 ecelesiarum
958 2596 1090 2650 sanotae
1121 2587 1171 2650 dei
1202 2588 1352 2670 reliquiae

154 2740 156 2748 ,
198 2695 255 2758 per
283 2673 425 2737 eumdem
456 2673 638 2752 episcopum
667 2674 876 2752 portabuntur.
918 2674 992 2734 Jarn
1019 2692 1097 2734 vero
1124 2674 1178 2754 qui
1197 2673 1279 2735 haec
1300 2674 1351 2734 in·

198 2764 312 2824 stituta
333 2757 463 2821 sciendo
485 2755 653 2836 adimplere
675 2757 840 2838 distulerit,
862 2753 1009 2840 quamdiu
1029 2757 1061 2820 ia
1082 2758 1144 2822 hoc
1157 2757 1236 2821 vitio
1257 2759 1350 2822 fuerit

198 2863 226 2908 α·
239 2840 444 2908 sacrificando
466 2841 613 2906 cessabit.

374 2969 430 3034 Vl.
473 2969 524 3033 De
545 2969 678 3033 tenena
699 2955 922 3034 bonoratorum
943 2971 1114 3054 disciplina
1129 2970 1173 3052 ⁸).

284 3074 365 3138 Cum
391 3073 506 3134 beatus
534 3073 697 3153 apostolus
726 3093 880 3158 arguere,
913 3075 1078 3137 obsecrare
1107 3075 1160 3136 vel
1190 3074 1351 3155 increpare

198 3159 229 3222 in
251 3161 333 3220 omni
352 3159 505 3240 patientia
523 3158 695 3238 praecipiat
723 3168 756 3220 et
785 3157 926 3222 doctrina
940 3160 993 3242 ⁹),
1022 3160 1166 3220 novaus
1195 3159 1349 3241 quosdam

198 3249 257 3306 ex¹
266 3245 300 3324 ⁰)
313 3243 456 3306 fratribus
467 3243 565 3303 tantis
580 3242 730 3304 caedibus
745 3245 776 3304 in
791 3245 958 3306 honoratos
973 3244 1117 3307 subditos
1128 3243 1350 3325 effervescere,

197 3339 332 3413 quantas
357 3337 502 3409 poterant
528 3328 776 3390 latrocinantium
802 3329 970 3409 promereri
996 3348 1159 3413 personae.
1206 3329 1250 3390 Et
1276 3329 1350 3391 ideo

197 3417 249 3498 qui
278 3413 395 3498 gratius
422 3411 487 3494 jam
516 3411 755 3476 ecclesiasticos
781 3422 972 3494 mernerunt,
999 3415 1029 3476 id
1059 3422 1110 3475 est
1136 3412 1350 3496 presbyteres,

197 3503 328 3564 abbates
348 3499 418 3562 'sive
447 3500 579 3581 levitae,
609 3509 744 3579 excepto
766 3501 961 3581 gratioribus
983 3508 1017 3560 et
1038 3499 1217 3560 mortalibus
1237 3500 1350 3580 culpis,

194 3587 287 3648 ntrllis
317 3586 432 3647 debent
448 3583 502 3663 ¹¹)
530 3584 711 3647 verberibus
740 3583 922 3666 subjacere3
949 3603 1011 3645 non
1039 3583 1121 3645 eninr
1149 3591 1200 3645 est
1221 3583 1351 3667 dignum

196 3681 231 3734 ut
253 3672 371 3752 passim
391 3670 604 3751 unusquisque
625 3669 784 3749 praelatus
804 3668 994 3732 honorabilia
1013 3669 1151 3730 membra
1170 3681 1240 3750 sna,
1257 3677 1350 3749 prout

194 3757 329 3819 voluerit
357 3763 391 3817 et
422 3774 493 3816 cum
521 3755 673 3832 placuerit
691 3751 763 3832 ¹²),
794 3754 977 3815 verberibus
1005 3751 1152 3833 subjiciat
1179 3763 1213 3815 et
1233 3753 1350 3815 dolori-

193 3843 253 3904 bus
266 3840 336 3923 ¹³),
358 3860 398 3901 ne
420 3833 492 3900 duni
513 3838 640 3898 incaute
661 3836 787 3897 subdita
808 3839 943 3919 percutit
964 3839 1111 3918 membra,
1128 3839 1201 3920 ipse
1223 3851 1349 3920 quoqne

193 3927 330 3989 debitam
351 3925 410 3987 sibi
431 3921 623 3984 subditonrm
644 3921 851 3983 reverentiam
874 3924 1046 4002 subtrahat,
1063 3921 1158 4002 juxta
1177 3923 1350 4005 illudquod

195 4012 320 4096 quidam
348 4009 477 4090 sapiens
505 4006 602 4070 dixit:
634 4002 764 4069 heviter
781 4005 835 4088 ¹⁴)
860 4001 1037 4092 castigatus
1059 4009 1265 4072 reverentiam
1289 4029 1350 4071 ex-

194 4165 394 4185 ...n—¹—

237 4247 265 4311 ¹)
284 4252 414 4296 nectantur
437 4241 473 4292 M.
526 4271 562 4281 -
622 4240 651 4306 ²)
669 4240 789 4306 len-48,
812 4241 854 4294 10.
868 4289 881 4330 9
907 4267 943 4280 -
1003 4242 1032 4309 ³)
1051 4251 1223 4308 coepiscopis
1239 4244 1276 4296 M.
1314 4273 1350 4282 -

235 4316 265 4382 ⁴)
284 4311 483 4382 iritumcecotM.
510 4338 546 4353 -
580 4308 607 4375 ὅ)
626 4318 713 4362 debas
731 4311 862 4378 deestap.
881 4311 917 4364 Μ.
941 4339 976 4350 -
1007 4313 1349 4382 ⁶)1cnrcn.1o,2.-

236 4387 264 4449 ⁷)
283 4389 378 4434 nattum
394 4382 431 4434 M.
458 4409 494 4424 -ι-
528 4379 557 4446 ⁸)
575 4386 613 4429 De
631 4388 758 4432 boneetcte
776 4387 950 4434 toammoran
968 4390 991 4434 et
1010 4379 1141 4445 disciplina
1159 4384 1186 4436 in
1204 4399 1238 4436 m.
1256 4382 1292 4434 M.
1312 4411 1348 4428 -ν-

235 4450 264 4518 ⁹)
282 4461 435 4504 extraneae
452 4458 588 4503 doctrinam
606 4448 632 4500 in
650 4467 684 4501 rn.
703 4450 739 4500 M.
766 4479 801 4490 ·-
826 4451 970 4517 anima,
989 4453 1014 4503 2.
1055 4481 1091 4492 —
1137 4453 1187 4520 ¹⁰)
1205 4472 1221 4504 a
1238 4453 1275 4504 M.
1311 4483 1347 4493 -

213 4523 263 4587 ¹¹)
282 4531 386 4574 debeam
408 4524 444 4576 M.
490 4547 526 4559 -
576 4517 625 4585 ¹²)
650 4530 675 4573 et
698 4527 871 4584 complacuerit
897 4523 934 4574 Μ.
974 4550 1010 4562 -
1056 4523 1107 4590 1⁸)
1133 4523 1215 4576 dolori
1238 4523 1275 4574 M.
1310 4550 1347 4560 -

213 4594 378 4662 ¹⁴)1enttar
395 4593 451 4647 BR.
470 4589 581 4645 T.l.2.
615 4613 655 4640 -.
700 4594 712 4603 “
