2858 5036
201 282 245 346 sc
363 359 369 374 Ι
501 271 743 344 cosmatus
763 243 1055 340 auumruusn.

195 449 396 530 episcopas,
431 443 579 526 placitum
611 442 645 510 in
673 444 796 508 nomino
825 437 1212 524 suorumvprovincialium
1229 437 1274 517 ¹).
1294 439 1382 519 cpi-

206 552 375 618 acopumm
399 532 497 596 faciat
522 540 558 594 ut
585 539 694 610 caste,
721 530 825 596 sobrie
850 537 1001 609 recteque
1021 528 1112 590 vivat
1125 524 1170 604 ²).
1214 523 1383 588 Similiter

209 627 245 684 et
262 617 385 700 quando
403 616 585 680 confinitimi
606 614 746 695 episcopi
766 615 798 674 in
819 613 966 676 ecclesiis
987 613 1100 694 quibus
1123 616 1281 692 praeesse
1306 630 1381 690 po-

199 705 326 770 ·tueriut
345 703 459 766 tuerint
473 701 626 780 ordinati,
640 700 795 780 placitum
817 699 934 762 iaciant
954 699 986 760 in
1006 696 1130 772 nomine
1150 696 1297 776 episcopi
1317 696 1380 758 sui

210 788 440 868 metropolitani
459 793 501 848 ut*
514 793 624 865 caste,
650 793 738 848 recte
759 793 794 846 et
815 783 918 847 sobrie
939 784 1059 849 vivant.
1101 778 1193 859 Quod
1220 783 1248 842 si
1274 779 1380 860 juxta

211 892 366 940 muonum
379 872 414 950 8)
440 871 629 935 sententiam
656 889 712 950 per
731 871 928 932 voluntatem
947 866 1176 948 metropolitani
1194 873 1295 950 *atque
1317 867 1379 926 in-

202 957 406 1026 riarmationis
420 954 491 1036 ejus
509 954 672 1036 epistolam
693 954 887 1037 portagium
903 952 1079 1033 jussionem
1099 953 1140 1014 ab
1162 951 1222 1014 alio
1245 959 1378 1014 metro-

213 1046 350 1127 politano
366 1043 467 1122 aliqui
487 1041 599 1104 fuerint
621 1039 762 1118 ordinati,
784 1049 935 1120 tempore,
949 1057 1011 1120 quo
1033 1037 1073 1100 ad
1093 1034 1377 1116 metropolitanum

214 1147 306 1193 suum
327 1136 512 1210 post'suam
533 1127 677 1190 vonerint
697 1123 937 1203 ordinationem,
967 1124 1031 1185 talo
1052 1123 1200 1202 placitum
1219 1139 1286 1182 non
1308 1120 1377 1182 dis-

215 1215 317 1280 serant
337 1214 451 1278 faceta
491 1208 633 1291 Quodsi
654 1208 839 1291 distulerint,
862 1207 980 1274 tamdiu
1000 1208 1142 1290 quisquis
1162 1207 1213 1268 illa
1234 1223 1378 1268 excom-

213 1295 403 1387 municatum
428 1316 465 1362 se
494 1315 567 1358 esse
596 1296 739 1376 noverit,
767 1294 914 1378 quamdiu
942 1293 1070 1375 impleat
1099 1290 1238 1366 ordinem
1264 1292 1377 1354 bonae

213 1382 427 1446 institutionis
1237 1368 1247 1386 ⁸
1308 1435 1312 1444 ,

214 1468 256 1532 V.
281 1467 324 1528 Ut
345 1468 506 1548 episcopua
521 1483 584 1548 pro
603 1483 663 1526 sua
677 1462 862 1546 personui)
878 1463 922 1526 nd
940 1462 1109 1525 conciliaus
1123 1482 1186 1524 noo
1201 1462 1378 1526 diaconem

327 1551 385 1614 scd
403 1549 462 1614 dat
483 1547 784 1632 archipresbyterum
805 1549 1096 1632 compresbyterum
1117 1547 1254 1630 dirigat.

298 1653 399 1716 Juxta
418 1649 610 1732 canonuml)
630 1653 770 1715 ordinem
792 1641 931 1732 ternpore
954 1670 1015 1735 quo
1037 1650 1202 1714 concilium
1221 1668 1278 1732 per
1302 1667 1378 1710 me-

215 1737 392 1820 tropolitani
405 1736 599 1798 voluntatem
615 1746 648 1798 et
665 1738 782 1819 regiam
793 1735 967 1818 jussionem
989 1737 1125 1799 electum
1146 1733 1238 1796 fuerit
1260 1753 1375 1816 agere,
1397 1731 1402 1746 '

218 1842 327 1889 omnes
345 1819 554 1886 confinitimos
577 1822 744 1903 episcopos
766 1823 912 1884 inunum
934 1830 1058 1902 oportet
1080 1820 1213 1902 adesse,
1233 1839 1296 1882 nec
1319 1839 1377 1900 pro

216 1907 273 1972 tali
300 1929 334 1972 re
362 1905 522 1992 quaelibet
558 1925 656 1971 causa
690 1908 807 1988 opponi
839 1906 971 1970 debetur
984 1904 1018 1986 ο)
1052 1906 1093 1970 ad
1122 1903 1375 1968 excusationem.

218 1993 313 2074 Quod
337 1995 366 2059 si
392 1993 559 2076 contigerit
585 1994 718 2074 aliquem
745 1991 785 2054 do
808 1993 952 2056 fratribus
975 1992 1100 2054 retineri
1121 1991 1160 2052 ab
1182 1989 1376 2069 infirmitate,

221 2081 354 2160 qualiter
380 2098 442 2140 nou
465 2080 568 2158 possit
588 2076 703 2152 venire,
717 2086 771 2140 aut
791 2097 848 2159 per
868 2073 986 2160 regiam
1004 2074 1182 2155 jussionem
1200 2073 1376 2155 injunctum

220 2159 380 2244 acceperit
395 2162 430 2243 r)
458 2161 573 2242 aliquid
600 2182 696 2244 agere
720 2171 758 2223 ut
785 2164 827 2224 sit
851 2184 908 2244 per
928 2161 1094 2244 qnod-non
1116 2161 1217 2241 possit
1238 2160 1376 2222 concilio

219 2249 397 2326 interess03
425 2245 573 2326 quidquid
604 2245 861 2327 taleacciderit3
893 2248 1134 2328 metropolitano
1157 2245 1215 2306 suo
1239 2244 1378 2306 fideliter

131 2391 135 2396 .
219 2333 341 2394 intimet
370 2337 485 2391 cuncta
511 2350 566 2411 per
593 2349 683 2392 suam
703 2332 869 2412 epistolam
889 2350 981 2394 manu
1003 2350 1062 2394 sua
1083 2331 1307 2412 subscriptam,
1338 2338 1374 2392 ut
1416 2347 1417 2350 ’

220 2415 301 2496 111⁸]
324 2413 521 2503 postmodmn
542 2425 725 2497 quaeratur,
747 2416 832 2494 ue⁰)
854 2417 1091 2482 excusationem
1110 2415 1209 2480 faciat
1229 2416 1375 2496 aliquam.
1416 2409 1417 2481 ζ

219 2501 273 2572 Ad
293 2519 382 2564 suam
404 2508 509 2562 tamon
530 2520 693 2581 porsonam
715 2521 777 2564 non
799 2503 889 2566 aliter
910 2503 970 2566 nisi
997 2510 1053 2565 aut
1070 2499 1123 2580 ¹⁰)
1150 2501 1375 2582 archipresby-

219 2597 320 2654 tarum
339 2605 431 2650 sumu
453 2586 577 2670 diriget,
598 2595 653 2648 aut
674 2588 702 2649 si
723 2586 994 2671 archipresbytero
1014 2585 1248 2666 impossibilitas
1269 2585 1373 2665 fuerit,

160 2731 165 2738 .
218 2675 436 2759 presbyterum
451 2673 556 2734 utilem
572 2671 662 2752 cujus
677 2673 816 2754 dignitas
830 2691 901 2734 cum
916 2672 1081 2755 prudentia
1101 2679 1225 2753 pateat,
1244 2689 1265 2732 a
1280 2679 1373 2752 tergo

218 2761 437 2840 episcoporum
455 2753 536 2816 inter
557 2759 759 2836 presbyteros
779 2757 892 2844 sedere
911 2767 956 2824 et,
968 2776 1112 2840 quaeque
1131 2757 1162 2818 in
1179 2774 1218 2819 eo
1236 2757 1372 2818 concilio

220 2845 333 2910 fuerint
353 2849 426 2902 acta
453 2841 536 2900 scire
563 2848 597 2900 et
624 2842 831 2905 subscribere.
878 2841 1030 2923 lujustum
1058 2843 1139 2906 enim
1167 2843 1229 2904 hoc
1255 2841 1375 2922 accipit

145 2981 147 2987 ,
222 2935 334 2992 coetus
360 2931 485 3002 nostor,
519 2932 555 2985 ut
583 2925 747 3008 quisquam
775 2928 992 3010 episcoporum
1009 2928 1184 2989 diaconum
1214 2926 1254 2992 ad
1282 2945 1375 2988 snam

220 3029 386 3096 personam
401 3008 532 3092 dirigat3
551 3009 603 3071 bic
625 3012 706 3074 enim
728 3010 802 3094 quia
820 3015 1016 3096 presbyteris
1028 3011 1132 3091 junior
1150 3031 1224 3074 esse
1239 3010 1374 3092 videtur,

221 3095 335 3161 sedere
368 3113 441 3158 oum
475 3095 634 3175 episcopis
670 3097 702 3160 iu
739 3099 870 3161 concilio
906 3099 990 3162 uuila
1022 3099 1142 3160 rationo
1178 3099 1375 3178 permittitur.
1415 3123 1416 3168 1

220 3179 457 3260 Quemcumque
479 3198 556 3261 ergo
578 3183 834 3265 expresbyteris
856 3181 990 3266 dirigere
1012 3180 1159 3265 clegerit,
1188 3183 1376 3262 instructum
1415 3177 1416 3215 ³

202 3285 279 3346 *par
298 3265 544 3329 informationem
565 3263 679 3347 dirigat
699 3267 833 3333 utratio
854 3270 973 3349 poscit,
1002 3276 1097 3349 atque
1125 3286 1196 3329 oum
1218 3287 1262 3342 eo
1285 3287 1375 3330 man-

221 3348 377 3414 datarium*
399 3368 490 3412 suum
513 3348 608 3430 juxta
632 3352 715 3434 legis
731 3354 870 3416 ordinem
891 3355 1058 3433 munitum,
1088 3361 1125 3414 ut
1145 3353 1174 3414 si
1195 3369 1215 3414 a
1235 3355 1375 3435 quolibet

218 3435 496 3505 marcennaco
518 3433 701 3517 episcopum
722 3439 753 3500 in
774 3439 907 3513 concilio
928 3437 1023 3500 luerit
1041 3445 1251 3520 suggestum,
1274 3439 1314 3502 ab
1337 3459 1373 3499 ec

220 3539 315 3604 quem
332 3521 449 3586 direxit
465 3520 518 3601 ¹¹)
540 3522 593 3602 qui
613 3525 705 3602 petit·
714 3524 852 3603 accipiat
873 3540 1074 3603 responsum,
1096 3532 1129 3584 et
1145 3521 1271 3602 justitia
1294 3541 1373 3606 quac

222 3609 316 3676 luerit
336 3605 477 3669 ordinata
496 3608 611 3669 nullam
630 3607 662 3669 in
678 3605 732 3684 ¹²)
753 3607 952 3686 postmodum
973 3607 1151 3670 dilationem
1172 3607 1298 3670 habeat.

265 3733 320 3800 Vt
341 3731 513 3816 ‘auditor
542 3734 705 3818 opiscopus
718 3772 721 3782 2
736 3730 952 3797 admonitione
980 3740 1113 3818 accepto
1144 3733 1189 3798 nd
1215 3727 1336 3798 arciatru-¹

158 3831 161 3840 “
321 3870 324 3880 ³
579 3813 760 3898 politanum
780 3837 871 3882 auum
892 3821 1011 3882 veniat.
1233 3829 1237 3837 '

302 3903 375 3968 Deo
397 3893 553 3966 oredimus
573 3918 647 3960 esse
668 3897 818 3980 placitum
838 3901 961 3984 quando
976 3921 1031 3984 pro
1045 3897 1126 3966 bono
1142 3921 1237 3985 opere
1252 3903 1374 3987 dignam
1414 3903 1415 3947 l

115 4067 128 4075 υ
223 3987 256 4050 in
276 3989 418 4054 ecclesia
437 3992 549 4048 sancta
570 3980 754 4065 imponimus
775 3989 924 4072 regulam.
966 3987 1104 4069 Ideoque
1124 3987 1244 4071 placuit
1264 3989 1374 4056 frater·

221 4073 312 4136 nitati
331 4081 469 4148 nostrae,
492 4078 527 4130 ut
548 4069 633 4132 sicut
652 4073 804 4151 primatus
823 4074 1019 4136 reverentiae
1039 4073 1125 4152 a¹³)
1140 4075 1374 4155 metropolitano

221 4159 374 4246 episcopo
384 4154 511 4242 jubetur
526 4154 661 4240 impendi
675 4175 732 4240 per
752 4158 936 4244 synodicam
956 4159 1106 4246 regulam,
1126 4159 1172 4223 ita
1193 4168 1227 4246 et
1247 4177 1268 4222 a
1289 4179 1376 4224 com-

223 4297 423 4318 ’.νιν-*ΙΠ-

265 4371 295 4484 ;)
313 4377 555 4494 comprcabtctffiltnat
571 4341 642 4480 Est
661 4370 786 4437 T.1.2.,
805 4372 888 4426 orM.
922 4399 958 4418 *ι
999 4380 1030 4448 ¹)
1056 4387 1141 4431 cluunt
1162 4378 1190 4431 in
1213 4395 1248 4432 m.
1271 4379 1308 4432 Μ.
1342 4404 1376 4420 -·

264 4441 295 4576 a
314 4449 457 4564 aaa
492 4467 607 4574 εκ)
620 4439 972 4566 tamt·
996 4475 1042 4585 τ,
1063 4448 1092 4570 :t
1110 4457 1253 4588 mm:
1270 4449 1376 4570 d:

265 4577 922 4722 ’iimdML-'iiiiicisiida'pibf-JU
942 4587 1089 4648 ‘'W‘'M'
1123 4615 1159 4630 '''
1192 4589 1243 4661 ι’)
1260 4587 1375 4644 “dmi
1413 4627 1414 4681 l
