2858 5036
346 283 612 350 coucrnruu
627 283 918 353 nammrmusu
1126 303 1129 310 ·
1169 268 1222 354 ἰι

40 450 330 537 praesumpserit,
357 457 456 528 tribus
481 439 644 520 mensibus
669 455 729 519 sab
750 457 943 539 poenitentia
963 458 1222 524 excommunica*

59 552 118 604 tus
140 541 289 603 manebit.

99 629 144 690 X.
191 625 234 688 Ut
255 627 357 687 armna
378 627 540 709 episcopua
561 629 660 708 infra
671 628 754 690 barac
768 629 971 710 promaciano
991 577 1184 694 constitutae

99 712 424 810 archipresbyterum,
453 703 712 774 crcldrliaccmurr
732 719 765 774 et
779 712 1004 796 primiclerum
1014 715 1084 796 ¹)
1070 737 1114 779 m
1125 737 1185 796 eata
1229 714 1232 718 ’

387 845 389 852 .
504 795 638 858 ecclesia
657 796 785 873 lrabeat.
1124 833 1128 838 ·

157 881 320 946 Cormnnni
340 880 561 978 deliberatione
587 883 764 982 sancimus,
793 891 829 945 ut
855 901 965 947 omnes
993 903 1052 948 nos
1077 886 1220 969 episcopi
1250 886 1254 892 ’

69 967 152 1029 inira
171 975 308 1030 nostram
327 963 519 1048 provinciam
539 968 703 1029 coustiurti
721 966 754 1028 in
775 969 1004 1032 cathedralibus
1026 973 1141 1034 nostris
1161 991 1220 1036 cc-

70 1049 180 1114 elesiis
214 1050 332 1134 singuli
364 1056 504 1112 nostrum
539 1052 773 1134 archipresbyter
716 1061 860 1134 ytemm,
900 1047 1150 1118 archidiaconum
1186 1067 1220 1119 et
1251 1117 1258 1126 ,

69 1136 277 1218 primiclerum
293 1135 462 1215 ¹)habcre
489 1136 682 1220 debeamus3
712 1146 843 1200 sanctum
869 1141 984 1220 qnippe
1011 1148 1063 1202 est
1089 1141 1163 1204 ordo
1184 1151 1220 1204 et
1263 1211 1265 1220 ¹

69 1241 91 1283 a
112 1223 205 1284 nobis
223 1241 280 1303 per
300 1221 405 1283 omnia
427 1221 652 1284 observandus.
692 1221 832 1305 Ideoque
850 1224 968 1305 placuit
984 1225 1058 1288 huic
1083 1245 1219 1310 magnae

69 1306 212 1390 synodo,
239 1315 274 1368 ut
294 1308 481 1387 quicumque
502 1306 542 1369 ad
563 1308 625 1370 hoc
651 1306 787 1370 officium
811 1311 990 1388 pervenerit
1014 1311 1219 1374 humilitatem

70 1393 214 1473 pontifici
234 1411 292 1454 suo
314 1401 348 1453 et
368 1395 575 1454 reverentiam
594 1393 751 1473 praebeat,
773 1413 814 1454 ne
833 1396 972 1492 quolibet
992 1397 1084 1458 modo
1105 1417 1221 1496 super·-

71 1480 144 1540 biae
166 1478 280 1539 fastum
302 1474 457 1575 quilibet
452 1497 493 1538 ex
513 1479 563 1539 his
584 1482 735 1573 incurrat,
764 1478 851 1543 ιιι
843 1499 875 1540 ιιι
895 1480 1018 1562 ordine,
1045 1501 1107 1562 quo
1129 1483 1220 1563 quia-

72 1581 135 1644 que
165 1564 258 1624 inerit
284 1563 494 1658 constitutus,
530 1560 665 1646 benigne
693 1564 865 1645 persistat,
899 1575 932 1628 ct
957 1567 1007 1627 sni
1033 1567 1218 1649 dignitatem

71 1649 168 1711 officii
187 1667 244 1729 per
265 1645 368 1710 omnia
390 1655 508 1709 teneat.
554 1648 592 1709 Si
619 1649 690 1729 quis
716 1668 775 1710 ex
787 1647 837 1711 his
865 1650 916 1711 sui
936 1651 1053 1732 gradus
1080 1651 1218 1715 ordinem
1266 1651 1268 1656 ’

71 1753 134 1796 non
157 1731 349 1813 custodierit,
371 1741 506 1814 atquae
528 1733 570 1793 illi
590 1752 645 1814 pro
667 1735 722 1796 tali
742 1733 846 1796 officio
867 1755 888 1797 a
908 1754 966 1796 suo
987 1735 1137 1834 episcopo
1157 1739 1219 1799 im-

71 1827 185 1899 perata
213 1815 326 1880 ιιιιιιιιι
352 1817 520 1899 adimplere
548 1818 718 1900 distulerit,
750 1828 842 1900 prout
862 1837 961 1883 causa
981 1819 1131 1904 patuerit,
1158 1842 1219 1884 ex·

27 1947 31 1959 ι
72 1903 361 1968 communicationis
383 1902 494 1965 damno
515 1903 727 1993 mulctandum
747 1923 786 1966 se
804 1902 937 1967 noverit.

105 2032 162 2094 ιιι
208 2031 284 2092 Ut
271 2032 373 2092 emate
384 2030 569 2111 presbyter,
599 2031 697 2093 abbae
717 2029 961 2092 arcidiaconus
961 2033 1106 2114 episcopo
1122 2034 1184 2095 aad
1247 2083 1251 2088 .

240 2115 454 2178 bumilitatem
475 2121 586 2177 tameat
606 2124 640 2177 ct
660 2118 870 2178 reuerentiam
890 2135 1052 2190 summam
1166 2137 1170 2142 ·

158 2199 308 2262 Pervenit
329 2199 370 2262 ad
389 2209 516 2262 ccetum
537 2200 645 2280 hujus
649 2201 753 2264 sancti
772 2202 896 2263 concilii
914 2204 1157 2290 presbyteros,
1161 2203 1220 2264 ab·

74 2286 168 2347 bates
194 2295 227 2347 ct
257 2284 406 2371 diacones
433 2286 583 2368 episcopo
611 2304 669 2348 suo
697 2286 914 2348 inobedientes
942 2306 1035 2370 csse,
1063 2297 1160 2368 atque
1186 2286 1220 2350 id

74 2372 284 2432 intromissum
312 2379 380 2452 est,
406 2380 441 2433 ut
461 2370 533 2433 dum
553 2369 686 2452 quilibet
704 2391 745 2432 ex
766 2373 960 2456 presbyteris
981 2383 1036 2435 aut
1056 2373 1220 2436 abbatibus
1332 2447 1335 2454 k

74 2456 278 2518 ecclesiarum
306 2416 431 2518 suahrm
458 2475 478 2518 a
503 2455 730 2518 decedentibus
754 2458 913 2553 episcopis
934 2458 1069 2530 habeant
1091 2459 1220 2518 absolu-

74 2543 207 2623 tionem,
239 2541 389 2622 episcopo
416 2558 475 2603 suo
496 2540 623 2623 dignam
643 2541 851 2602 obedientiam
867 2541 1049 2621 justamque
1070 2562 1220 2603 reveren-

74 2629 150 2687 tiam
178 2640 240 2687 non
269 2627 456 2706 exhibeant,
489 2634 525 2686 et
550 2627 663 2706 quibus
690 2643 847 2687 concessa
874 2632 926 2686 est
953 2645 1010 2703 per
1036 2628 1220 2706 canonicam

74 2713 263 2774 sententiam
283 2712 429 2774 visitandi
448 2728 538 2772 suam
560 2707 736 2792 parochiam
751 2708 804 2789 ²),
825 2709 875 2771 his
894 2710 1001 2790 potius
1019 2706 1149 2772 infertur
1169 2712 1220 2771 in

72 2796 153 2877 juria
180 2806 213 2858 et
238 2805 381 2858 movetur
407 2796 571 2858 calumnia.
609 2795 744 2857 Proinde
768 2796 887 2874 placuit
909 2794 983 2858 huic
1008 2803 1120 2858 sancto
1141 2814 1221 2858 con-

76 2883 165 2962 cilio,
196 2891 232 2943 ιιι
256 2891 326 2951 ιιιιι
360 2901 379 2943 ι
410 2882 604 2964 presbyteris
632 2897 727 2960 quam
757 2881 797 2942 ab
829 2880 994 2944 abbatibus
1021 2881 1093 2942 sive
1107 2883 1220 2944 etiarn

77 2988 98 3030 a
123 2966 306 3028 diaconibus
333 2968 482 3062 episcopo
510 2967 607 3027 honor
630 2963 758 3027 debitus
783 2962 999 3060 impendatur,
1027 2974 1064 3028 ut
1090 2985 1110 3028 a
1137 2967 1220 3028 nullo
1261 2972 1265 2977 “

75 3043 296 3115 contumeliam
315 3049 381 3131 pati
401 3046 560 3149 videatur,
590 3058 625 3111 et
644 3047 830 3130 quandoque
850 3047 1018 3132 contigerit
1037 3070 1109 3113 eum
1127 3051 1222 3133 juxta

77 3135 260 3200 canonicam
281 3137 468 3198 sententiam
488 3136 617 3198 visitare
637 3153 727 3196 suam
743 3135 941 3234 parochiam,
968 3144 1001 3196 et
1027 3137 1158 3228 digne
1149 3157 1221 3200 ιιιιιι

75 3221 249 3304 suscipiant
270 3224 304 3282 et
322 3229 414 3301 prout
434 3219 598 3282 habuerint
619 3229 673 3283 ant
692 3221 771 3282 ratio
791 3221 967 3301 permiserit
978 3219 1020 3282 illi
1035 3213 1222 3303 praepa'rerit
1278 3269 1288 3281 ,

76 3325 159 3390 ι]ιιιι
185 3307 299 3374 luerint
323 3307 513 3368 necessaria.
564 3305 600 3368 ld
626 3324 702 3388 ergo
723 3325 779 3386 per
799 3303 901 3368 omnia
921 3307 1107 3370 servandum
1129 3310 1223 3369 insti-

77 3391 206 3473 tuimus,
226 3400 262 3453 ut
282 3392 355 3452 nulli
376 3392 560 3473 presbytero
581 3390 635 3451 vel
654 3391 787 3453 diacono
807 3393 876 3451 aine
897 3391 1060 3452 voluntate
1082 3393 1222 3470 episcopi

73 3479 129 3541 sui
146 3477 273 3539 licentia
293 3477 336 3538 sit
355 3477 537 3538 saeculares
557 3493 711 3564 peragere
736 3491 854 3537 causas
869 3471 903 3552 ³)
930 3483 988 3535 aut
1013 3473 1222 3555 injunctiones

78 3561 229 3644 expedire
249 3562 399 3642 publicas.
436 3561 473 3623 si
493 3561 563 3660 quis
583 3559 684 3643 hujus
697 3559 833 3621 ordinem
855 3555 982 3640 capituli
1001 3560 1224 3624 transcendere

75 3647 224 3729 voluerit,
244 3646 587 3712 excommunicationis
594 3645 752 3708 sententia
772 3644 943 3710 feriendum
963 3663 1001 3707 se
1020 3647 1152 3709 noverit.

114 3765 184 3830 ΧΠ
231 3765 274 3826 Ut
295 3769 458 3849 episcopua
477 3768 532 3848 qul
552 3749 603 3826 illi
617 3762 738 3846 placiti
751 3763 880 3842 fiacr-iat
900 3764 940 3826 alc
953 3764 1112 3846 parocbia
1132 3785 1192 3829 ιιια

186 3851 385 3932 presbyteros
406 3858 503 3933 atquc
523 3849 673 3912 diacanos
694 3847 892 3912 cathedrales
910 3849 974 3912 cibi
987 3849 1117 3929 saciat.-

52 3963 56 3972 ·
161 3935 198 3998 Si
217 3936 357 4015 priorum
371 3954 523 3998 canonum
543 3931 701 3996 sententia
719 3933 802 3995 hunc
815 3941 903 3996 recte
918 3941 1008 3996 tenet
1022 3934 1177 4018 ordinem,
1190 3947 1226 4000 ut

65 4016 251 4101 'episcopus
272 4022 313 4085 ab
335 4021 396 4084 alio
418 4023 590 4117 episcopo,
612 4021 641 4082 si
666 4017 870 4100 indigentiam
885 4018 1053 4103 habuerit,
1078 4020 1224 4084 clericum

77 4101 120 4168 ad
139 4105 341 4168 ordinandum
362 4102 449 4185 petat
471 4114 504 4166 et
523 4105 680 4186 accipiat3
699 4121 755 4164 cur
768 4103 821 4182 qui
839 4102 871 4164 in
890 4065 1053 4172 dioecesi
1050 4125 1110 4170 sua
1128 4109 1225 4170 habet

77 4207 153 4270 eos,
174 4209 254 4272 quos
274 4209 329 4270 pro
352 4190 403 4252 dei
422 4189 525 4254 officio
546 4197 580 4252 ct
602 4206 660 4252 suo
676 4186 837 4267 juvamine
859 4186 973 4272 dignus
991 4191 1154 4271 repererit,
1182 4191 1223 4256 ad
1288 4185 1292 4194 ’

78 4293 169 4336 snam
200 4275 401 4356 principalem
436 4275 604 4338 ecclesiam
638 4291 701 4334 non
731 4272 883 4352 perducat
915 4283 950 4338 et
979 4269 1122 4338 habeat?
1161 4277 1224 4338 Ριο

78 4358 173 4440 hujus
190 4360 237 4424 rei
258 4379 358 4426 causa
377 4361 439 4426 hoo
458 4361 558 4445 elegit
578 4357 766 4424 ιιιιιιιίιιιίιιι
786 4367 902 4442 nosue,
917 4369 954 4424 ut
974 4361 1074 4423 omnis
1096 4360 1224 4442 cpisco-

125 4580 337 4646 rJWJJJmJJm
353 4584 380 4638 jn
400 4600 435 4635 m,
448 4583 487 4634 M.
522 4609 557 4623 -
599 4580 629 4648 2)
646 4596 694 4632 suc
710 4588 841 4643 parocbia,
859 4579 926 4632 forte
942 4595 1013 4632 auam
1029 4590 1170 4644 paramum
1187 4585 1224 4637 Μ.
1304 4645 1310 4653 ,

124 4649 153 4718 ⁸)
170 4653 209 4736 lta
224 4654 321 4726 reliqui
338 4655 416 4708 aaut
433 4653 508 4723 Hiap.
526 4655 631 4722 praeter
647 4652 705 4705 BR.
722 4651 751 4704 in
768 4668 821 4722 quo
837 4665 920 4702 curce.
951 4679 991 4692 «-
