2868 5040
186 207 251 276 Ν
471 205 711 278 comunt
732 207 991 278 'inmercum
1010 211 1049 274 ll.

187 381 292 444 meu
313 377 369 462 qna*
388 380 507 444 demit
528 399 598 446 crem
618 399 724 447 terere
744 398 823 456 een,
835 380 914 462 fllia
930 384 1040 464 patrie
1059 383 1111 442 eui
1130 383 1202 442 eice
1225 383 1351 442 metris

187 485 283 541 arca,
312 474 347 527 et
375 467 463 530 died
490 470 591 530 arnoia
610 469 746 549 populns
771 466 885 528 Amen.
927 466 1122 528 Maledictus
1140 467 1197 546 peti
1218 465 1350 526 dormit

155 603 159 621 ,
188 569 258 612 eum
278 567 371 616 eoem
390 565 461 622 erte.
483 560 516 618 et
536 553 624 616 dieat
644 555 745 616 ornam
763 551 897 632 populna
911 552 1032 614 ,Arm
1066 549 1266 612 Maledicta-s
1289 553 1349 630 qm·

188 633 270 698 elane
284 639 480 718 peremerit
500 639 679 718 procirnnm
697 655 797 712 anum,
813 643 846 698 et
859 636 946 698 dieat
961 636 1060 700 omnis
1068 633 1206 718 populea
1220 633 1345 696 Amen.

187 721 329 803 itemque
349 723 395 786 ait
415 741 508 785 sacra
527 725 686 786 sententia
705 721 812 804 legum
824 717 858 798 ¹)
878 739 960 802 quae
980 721 1012 782 in
1032 721 1093 794 bac
1115 719 1347 798 explanatione

188 807 272 870 omui
297 805 412 870 homini
442 815 505 870 tam
534 805 627 872 docto
649 826 742 888 quam
762 804 889 870 indocto
910 813 1020 887 aperta
1040 813 1108 884 est,
1139 813 1174 866 ut
1195 804 1347 884 quisquis

187 899 244 956 aut
268 891 383 955 sororis
410 900 466 956 aut
492 891 595 955 fratris
622 889 716 954 liliam
737 899 792 954 ant
813 899 899 954 certe
920 890 1021 974 gradu
1041 887 1263 953 consobrinam
1286 897 1344 952 erut

187 975 290 1040 fratris
310 996 440 1040 uxorem
460 969 624 1040 sceleratis
645 978 705 1041 sibi
723 970 839 1058 nuptiis
855 973 1004 1056 junxerit,
1019 974 1093 1038 huie
1113 993 1237 1054 poenae
1260 973 1345 1034 sub-

183 1057 294 1142 jaceat
313 1070 349 1124 ut
370 1051 411 1126 de
431 1063 486 1126 tali
506 1062 663 1126 consortio
685 1071 864 1144 separetur,
885 1070 920 1123 et
939 1061 1065 1144 reliqua.
1106 1059 1188 1123 item
1208 1058 1275 1120 alia
1289 1057 1343 1134 Ἲς

187 1143 412 1231 Quaecumque
439 1147 548 1212 mulier
577 1147 692 1212 sororis
718 1166 797 1210 suae
825 1146 966 1208 maritum
992 1153 1066 1229 post
1093 1153 1223 1206 mortem
1253 1140 1343 1207 illins

189 1236 360 1314 acceperit,
382 1233 435 1296 vel
456 1235 484 1297 ei
505 1233 576 1315 quis
598 1252 639 1296 ex
660 1231 735 1295 viris
756 1241 876 1294 mortua
896 1251 993 1296 uxore
1014 1249 1151 1295 sororem
1173 1227 1244 1308 ejus
1267 1227 1342 1289 aliis

187 1317 303 1405 nuptiis
317 1318 377 1382 sibi
392 1317 595 1398 conjunxerit,
611 1319 733 1400 noverit
752 1317 807 1380 tali
824 1317 981 1381 consortio
1001 1335 1038 1378 se
1060 1333 1135 1378 esse
1155 1312 1340 1378 notabilem.

96 1457 101 1464 .
186 1403 222 1464 ln
250 1399 372 1486 synodo
399 1403 619 1466 Aurelianensi
632 1401 666 1481 8)
696 1399 789 1484 quam
815 1399 1041 1466 invictissimus
1067 1419 1123 1466 rex
1152 1398 1341 1461 Clodoveus

101 1491 104 1498 ’
186 1484 254 1550 lieri
279 1485 471 1569 supplicavit
496 1488 545 1552 sic
572 1485 733 1550 decretum
760 1494 828 1550 est:
859 1487 912 1550 Ne
932 1493 1096 1566 superstes
1116 1485 1212 1548 frater
1231 1492 1341 1546 torum

186 1569 326 1636 defuncti
345 1570 449 1636 fratris
469 1580 649 1660 praesumat
669 1571 851 1654 ascendere,
867 1589 950 1634 neve
971 1572 1033 1634 sibi
1052 1571 1216 1652 quisquam
1235 1570 1342 1630 amis-

187 1677 245 1725 sae
271 1658 378 1721 uxoris
401 1675 542 1722 sororem
557 1657 686 1722 ,audeat
711 1659 854 1721 sociare:
882 1655 965 1738 quod
992 1657 1021 1720 ai
1045 1655 1194 1736 iecerint,
1224 1654 1341 1718 eccle-

186 1739 318 1813 siastica
345 1742 541 1808 districtione
573 1741 727 1806 feriantur.
776 1743 812 1804 ln
842 1741 1082 1824 Epaonensibus
1112 1739 1285 1802 canonibus
1301 1738 1339 1816 ⁴)

187 1847 207 1892 a
236 1849 320 1912 papa
346 1829 445 1893 Avito
473 1830 526 1892 vel
546 1826 673 1910 reliquis
693 1827 852 1910 episcopis
872 1827 1077 1892 constitutum
1096 1835 1167 1888 est:
1197 1824 1360 1888 moestis.

188 1914 458 1998 conjunctionibus
484 1915 558 1978 nihil
579 1931 706 1996 prorsus
726 1913 839 1976 veniae
860 1930 1075 1994 reservamus,
1099 1911 1161 1972 nisi
1181 1928 1251 1972 curn
1276 1909 1339 1970 ad-

186 2001 329 2064 ulterium
350 2001 548 2082 separatione
568 1999 763 2079 sanaverint3
784 1998 924 2064 incestos
937 2016 1013 2060 voro
1031 2015 1092 2058 nec
1112 1996 1174 2057 ullu
1195 1991 1339 2075 conjugii

185 2087 312 2149 aomina
333 2085 571 2166 praevelandos,
592 2091 717 2164 praeter
736 2083 815 2164 illos,
831 2101 910 2166 quos
923 2083 976 2144 vel
996 2078 1154 2144 nominare
1176 2079 1338 2140 funestum

188 2177 250 2249 est,
270 2170 329 2232 hos
351 2189 425 2232 esse
446 2171 644 2232 censuimus:
665 2169 749 2230 atsi
770 2169 841 2250 quis
861 2169 1001 2232 relictam
1018 2167 1121 2232 fratris
1135 2183 1216 2248 quae
1230 2183 1337 2246 mene

186 2249 272 2352 prius
299 2271 386 2316 teror
415 2254 564 2316 extiterat
595 2250 712 2316 carnali
744 2251 962 2332 conjunctione
990 2252 1175 2333 violaverit5
1203 2248 1233 2313 si
1261 2248 1337 2332 quis

186 2355 327 2420 iusuper.
344 2356 524 2420 germanam
557 2337 663 2400 uxoris
697 2354 775 2398 suae
801 2335 983 2421 acceperim
1012 2337 1138 2419 rionis
1165 2351 1337 2398 novercam

185 2421 328 2505 duxerit3
356 2423 386 2486 si
404 2427 475 2506 quis
496 2422 700 2508 consobrinae
721 2422 907 2486 sobrinaeve
928 2441 967 2486 se
988 2423 1106 2503 societ,
1132 2418 1172 2482 ab
1193 2419 1335 2496 ecclesia

185 2516 394 2592 segregetur:
417 2507 505 2590 quod
529 2516 565 2572 ut
593 2527 614 2572 a
642 2504 800 2588 praesenti
825 2517 965 2590 tempore
985 2509 1200 2589 probibemus,
1226 2507 1273 2568 ita
1295 2524 1337 2568 ea

185 2613 268 2676 quae
298 2602 373 2659 sunt
402 2592 541 2658 austerius
571 2591 715 2658 instituta
745 2612 808 2654 non
839 2595 1011 2676 solvimus3
1041 2593 1070 2656 si
1103 2593 1173 2672 quis
1203 2591 1335 2652 relictae

185 2679 332 2760 avunculi
350 2679 521 2744 misceatur
540 2688 597 2750 aut
616 2678 736 2758 patrui,
764 2679 818 2742 vel
838 2677 1002 2763 privignae
1023 2675 1190 2739 concubitu
1209 2675 1336 2756 pollua-

184 2773 243 2826 tur.
285 2765 371 2826 Sane
399 2766 512 2845 quibus
538 2761 716 2848 conjunctio
741 2762 849 2825 illicita
873 2763 1079 2844 interdicitur,
1102 2762 1262 2825 habebunt
1282 2761 1336 2822 in-

185 2842 435 2913 nundinatione
456 2845 593 2932 conjugii
614 2847 803 2910 laenitatem.
844 2849 880 2910 ln
901 2849 1074 2912 canonibus
1093 2849 1190 2910 etiam
1210 2847 1333 2908 Arver-

183 2935 333 2998 nensibus
350 2932 384 3012 ⁵)
417 2954 436 2998 a
464 2931 655 2998 beatissimis
687 2933 825 3014 patribus
843 2934 906 2997 sic
932 2933 1064 2997 habetur
1090 2929 1261 3014 insertam:
1294 2931 1332 2992 Si

177 3020 255 3098 ..quis
274 3018 415 3081 relictam
441 3017 563 3100 fratris,
588 3037 725 3080 sororem
752 3017 873 3099 uxoris,
898 3018 1087 3100 privignam,
1116 3015 1334 3079 consobrinam

183 3102 383 3167 sobrinamve
410 3102 463 3163 vel
490 3103 628 3164 relictam
657 3101 831 3182 patruivel
858 3103 1004 3164 avunculi
1030 3103 1164 3170 carnalis
1194 3102 1335 3182 contagii

183 3185 349 3248 crediderit
378 3186 534 3248 consortio
555 3185 748 3266 violandam,
775 3195 810 3247 et
837 3206 916 3248 ausu
937 3188 1093 3271 sacrilego
1113 3189 1334 3250 auctoritatem

183 3270 307 3338 divinae
334 3271 418 3354 legis
447 3289 487 3332 ac
511 3268 581 3352 jura
610 3278 740 3331 naturae
770 3273 958 3352 perruperit,
986 3282 1020 3335 et
1048 3273 1098 3334 cui
1124 3272 1266 3335 caritatis
1294 3289 1333 3334 ac

174 3359 227 3442 pii
246 3356 383 3420 affectus
399 3356 522 3438 ,solatia
542 3355 691 3418 exhibere
711 3353 879 3436 debuerat,
907 3377 1032 3420 suorum
1052 3355 1155 3428 hostis
1176 3375 1217 3420 ac
1236 3355 1332 3438 pudi-

182 3444 278 3506 citiae
298 3451 497 3524 expugnator
522 3443 586 3502 vim
612 3441 724 3503 inferre
747 3438 929 3523 tentaverit,
961 3443 1152 3523 apostolicae
1174 3443 1333 3505 constitn-

160 3525 277 3602 ,tionis
298 3529 456 3590 sententia
482 3526 627 3607 feriatur,
653 3536 686 3587 et
707 3526 853 3608 quamdiu
873 3527 904 3587 in
926 3535 1013 3590 tanto
1034 3535 1178 3589 versatur
1197 3528 1332 3608 scelere,

181 3610 403 3681 aChristiano
434 3619 528 3674 coetu
562 3619 658 3692 atque
697 3611 842 3672 convivio
871 3619 903 3672 et
930 3607 1088 3674 ecclesiae
1115 3613 1332 3674 communione

179 3689 358 3778 piivabitur.
378 3730 422 3743 -κ
444 3697 515 3758 Nos
533 3696 594 3757 hcc
616 3693 697 3775 quod
717 3704 824 3774 patres
839 3697 938 3758 nostri
952 3706 1128 3760 statuerunt
1142 3697 1173 3758 in
1188 3698 1332 3776 omnibus

181 3782 372 3862 roboramus,
387 3782 459 3860 quia
474 3779 643 3860 prae‘cepto
658 3779 772 3840 domini
789 3781 942 3862 epostnlo⁴
952 3779 1152 3860 praedicante
1173 3781 1331 3862 docemur,

181 3873 219 3930 ut
240 3885 260 3927 a
281 3867 370 3928 nobis
391 3866 445 3926 lilii
465 3865 563 3926 nostri
582 3865 755 3925 severitate
771 3867 876 3944 potius
890 3863 1091 3948 corrigantur,
1107 3869 1198 3946 quain
1212 3867 1332 3946 ignem

180 3949 347 4030 tepiditate
362 3949 401 4010 ad
416 3949 621 4029 perpetranda
636 3948 779 4028 graviora
790 3950 942 4029 laxentur,
959 3949 1011 4012 ubi
1026 3953 1088 4015 alt:
1111 3951 1198 4026 Quid
1211 3950 1332 4012 vebis?

180 4039 216 4099 in
230 4038 324 4116 virga
338 4037 464 4096 neniam
479 4035 524 4095 od
536 4055 600 4110 noe,
615 4053 658 4096 nn
673 4037 707 4094 in
722 4037 862 4094 caritate
876 4041 909 4094 et
922 4039 1041 4115 spiritu
1055 4035 1331 4098 nrameetudiais?

185 4121 318 4182 Ontnino
339 4118 476 4178 auditur
492 4121 577 4180 irater
597 4139 651 4180 voe
664 4120 845 4199 fornicatio
867 4125 900 4179 et
925 4122 1001 4196 talin
1023 4122 1204 4200 fornicatio
1227 4122 1330 4200 puniit·

107 4271 113 4278 ,
180 4226 238 4265 nec
261 4208 346 4268 inter
366 4209 494 4283 genten,
521 4205 570 4263 ita
592 4211 628 4264 att
649 4223 777 4264 atrorem
793 4204 902 4282 patrie
923 4207 974 4265 etri
995 4207 1111 4286 aliquis
1133 4204 1273 4276 landem,-
1300 4212 1331 4263 et

180 4284 234 4352 noa
255 4289 364 4363 inflati
385 4289 461 4348 estis
483 4294 515 4349 et
535 4306 599 4348 nort
619 4288 724 4370 magia
746 4285 863 4348 luctum
884 4285 1057 4367 bobuietie,
1078 4296 1125 4351 ut-
1137 4284 1271 4348 tollatur
1292 4285 1330 4348 de

182 4427 375 4442 ἰι-ι*

224 4501 254 4566 1)
278 4502 344 4552 Cod.
369 4467 471 4555 'l'beod
494 4504 528 4554 tle
553 4503 644 4554 irrcest.
669 4510 740 4570 nupt.
762 4506 821 4556 libr.
839 4509 863 4557 3.
889 4531 952 4561 ,.-
988 4530 990 4536 ’
1012 4509 1040 4572 ²)
1066 4511 1129 4560 lbirl.
1151 4507 1210 4558 libr.
1228 4459 1272 4558 tii·
1295 4537 1330 4546 -—

224 4572 254 4636 ³)
270 4571 359 4621 Aurel.
371 4571 391 4622 1.
409 4587 431 4623 c.
450 4573 492 4625 lt.
526 4599 562 4612 ··-
603 4573 633 4638 ⁴)
652 4573 753 4641 llpeeu.
771 4591 795 4626 c.
814 4577 856 4628 30.
891 4599 926 4614 -
969 4575 1259 4646 5)Ληθη.1.”ο.12.
1295 4607 1328 4617 -
