2858 5036
178 201 238 270 tor
288 283 293 293 ,
341 199 583 272 coucnmu
603 191 1085 273 omsunuucusrarrtm
1104 203 1169 270 ιιι·

174 375 239 438 lum
269 371 395 455 pennus
424 373 557 458 patimur
586 373 666 438 isira
698 373 837 442 claustra
865 374 1123 442 numanum
1137 373 1178 456 ι)
1208 373 1338 438 innare

156 459 418 540 ⁸receptaculum
459 459 610 524 Ceteram
636 459 666 524 si
691 462 849 526 semotim
874 469 930 526 aut
954 458 1180 546 sequasbmiur
1207 477 1231 522 a
1255 477 1339 522 mc-

174 545 313 608 nasterio
327 544 369 609 ad
386 542 420 608 id
433 543 518 628 quod
531 553 743 610 musunotum
762 564 819 629 pro
832 546 1125 630 supervenientibus
1139 543 1336 608 domicilium

174 629 327 712 patuerit,
347 631 408 694 ibi·
429 649 487 695 eos
518 629 681 711 suscipere
710 631 845 696 abbates
858 632 929 696 lvel
957 631 1129 696 menachus
1160 628 1336 712 oportebit,

175 721 332 796 quatenus
362 723 397 779 et
426 716 495 780 vita
525 733 632 778 eorum
662 714 942 782 remotis.saeouli
976 713 1266 782 conturbationibus
1296 715 1336 776 in

177 801 261 864 omni
288 819 386 882 opere
414 799 535 872 deifico,
552 797 724 882 probabilis
744 799 921 870 inveniatur
946 807 980 866 et
1006 799 1120 865 nullius
1146 795 1337 865 vanissimis

176 883 422 950 detractionibus
448 884 712 969 dehonestentur,
740 895 797 951 ant
816 895 919 970 certe,
940 885 1024 970 quod
1043 886 1246 949 inhonestum
1268 892 1336 965 est,
1415 918 1416 945 ι

176 988 218 1034 ne
242 989 300 1052 per
326 972 434 1034 talium
459 968 681 1051 susceptiones
705 971 942 1038 dissolutionem
969 969 1128 1036 incurrant
1148 979 1183 1034 et
1206 971 1336 1036 abono

158 1056 336 1145 proposito
355 1055 454 1121 vitam
474 1073 564 1120 suam
584 1062 748 1142 extorrem,
761 1058 908 1124 efficiant
1199 1075 1202 1080 ·
1292 1122 1299 1142 Ι

219 1157 276 1222 tv.
316 1155 370 1221 Da
403 1155 527 1221 libertis
560 1159 615 1242 qui
644 1157 685 1222 ab
715 1160 871 1244 epitomis
901 1179 942 1222 er
963 1157 1099 1242 familia
1127 1156 1284 1222 corbeiae

616 1247 894 1309 manumitteretur.
949 1255 954 1268 ‘

261 1329 336 1392 Non
363 1333 415 1390 est'
443 1326 569 1392 dubium
594 1345 614 1390 a
640 1331 764 1394 sanctis
791 1331 932 1412 patribus
961 1328 1120 1393 delinitum
1149 1328 1269 1410 fluisse,
1295 1333 1338 1388 ut

178 1428 288 1476 omnes
313 1413 431 1494 liberti,
460 1413 512 1496 qui
539 1413 579 1477 ab
607 1414 767 1496 episeopis
796 1433 837 1478 ex
866 1416 996 1497 propriis
1023 1413 1147 1478 familiis
1170 1408 1337 1477 ecclesiae

177 1495 430 1561 manumissionis
457 1500 559 1582 gratia
587 1499 768 1581 titulantur,
794 1507 870 1583 post
889 1499 1074 1566 decedentis
1095 1497 1238 1581 episcopi
1260 1497 1338 1559 obi-

177 1590 266 1664 tum,
294 1601 369 1646 mox
389 1590 426 1644 ut
446 1583 526 1646 alius
545 1584 762 1664 supervenerit
781 1587 969 1668 episcopus,
1000 1585 1079 1648 inira
1101 1585 1173 1648 anni
1193 1583 1337 1664 spatium

175 1665 340 1732 libertates
367 1683 444 1732 suas
471 1677 711 1752 repraesentent
754 1687 817 1751 quo
844 1669 1019 1734 seeundum
1047 1669 1176 1733 canonis
1195 1675 1340 1731 senten-

180 1752 257 1816 tiam
282 1771 339 1836 per
365 1769 442 1818 suas
467 1753 680 1836 professiones
706 1715 842 1820 debitam
870 1755 999 1840 originis
1023 1772 1102 1819 suae
1123 1753 1339 1819 conditionem

179 1846 366 1922 agnoscant.
398 1837 465 1904 seu
485 1838 559 1922 quia
577 1840 622 1903 ita
641 1840 773 1921 speciali
790 1839 882 1904 modo
897 1847 1009 1905 sancta
1022 1839 1164 1904 decrevit
1178 1837 1338 1938 synodus,

178 1931 216 1988 ut
236 1921 265 1988 si
284 1924 466 2006 ipsi‘liberti
484 1925 564 1990 inira
584 1925 657 1990 anni
681 1925 818 2008 spatium
844 1926 1077 2010 supervenienti
1099 1940 1168 1989 suo
1190 1922 1338 2005 pontiflci

180 2011 319 2080 canulas
345 2007 501 2096 libertatis
525 2029 604 2076 suae
630 2021 835 2093 praesentare
862 2011 1077 2094 neglexerint,
1104 2010 1244 2094 protinus
1274 2025 1338 2070 eos

179 2095 212 2156 in
242 2095 405 2176 pristinam
434 2097 598 2160 servitutis
627 2093 774 2179 redigant
804 2095 1033 2180 conditionem3
1068 2102 1102 2158 et
1130 2095 1207 2163 licet
1236 2093 1283 2156 illi
1298 2090 1339 2170 ²)

180 2181 405 2260 congruentius
444 2180 586 2263 satisque
623 2181 812 2245 luculentius
844 2190 1046 2247 retractatum
1076 2181 1169 2244 fuerit
1183 2177 1237 2259 ⁸),
1269 2177 1339 2239 hoc

180 2270 288 2326 tamen
318 2281 340 2324 a
369 2263 460 2325 nobis
492 2263 695 2345 conspicuum
725 2263 946 2348 perpenditur,
978 2285 1040 2348 quo
1072 2284 1134 2328 non
1164 2264 1273 2336 solum¹
1300 2268 1339 2324 et

180 2345 311 2430 praedia
330 2347 535 2411 eeclesiarum
561 2348 669 2412 debita
698 2351 886 2414 auctoritate
915 2351 1123 2434 disponimus,
1151 2347 1211 2412 sed
1235 2345 1340 2410 etiam

167 2441 217 2514 ,et
238 2434 400 2515 oppressis
420 2434 504 2516 pium
525 2433 709 2518 suffragium
728 2433 930 2519 porrigimus,
950 2455 1008 2517 per
1021 2434 1105 2518 quud
1119 2442 1158 2496 ct
1176 2431 1339 2515 cupiditas

181 2517 389 2583 sacerdotalis
409 2519 574 2584 iliustretur
592 2528 626 2583 et
638 2520 835 2584 imbecillitas
849 2539 1018 2604 pauperum
1032 2521 1221 2590 sublevetur.
1249 2513 1341 2616 Quia

129 2602 1340 2772 1ttttrtttltttlitirttttlitttltlitttbtrtltt
1415 2671 1416 2698 ι

183 2793 266 2856 quos
293 2794 335 2837 ex
362 2774 478 2836 familia
507 2775 666 2838 ecelesiae
690 2775 760 2854 al)
786 2777 854 2857 suis
880 2776 1136 2857 praecessoribus
1163 2772 1340 2852 inveniunt,

182 2878 239 2940 pro
268 2873 307 2922 eo
336 2856 420 2940 quod
446 2859 583 2922 cartulas
611 2857 765 2923 libertatis
789 2857 974 2924 suaevinira
1001 2860 1179 2925 consultum
1207 2866 1339 2939 ternpus

183 2962 257 3006 non.
279 2951 483 3024 praesentent
497 2943 552 3027 Ὁ,
584 2945 693 3022 statim
725 2963 782 3007 eus
813 2945 846 3011 in
877 2945 1033 3026 propriam
1065 2944 1249 3010 servitutem
1265 2961 1341 3025 ¹re-

186 3027 315 3112 diger03
335 3029 442 3108 uuor)
463 3029 592 3110 pietatis
613 3027 718 3094 studio
736 3029 987 3114 generalinmodo
1009 3030 1216 3112 subrogamus
1235 3029 1341 3090 bene-

85 3111 92 3121 '
185 3112 301 3193 licium,
321 3121 356 3175 ut
378 3113 407 3176 si
425 3113 520 3176 iidem
535 3113 637 3177 liberti
650 3115 780 3180 forsitan
796 3113 1007 3200 ignoraverint
1022 3115 1157 3178 ordinem
1172 3131 1341 3192 canonum,

188 3206 243 3260 aut
271 3207 378 3281 certe,
406 3205 444 3258 ut
470 3199 590 3262 assolet
616 3197 702 3278 lieri,
730 3199 771 3262 ad
797 3198 1045 3283 praesentandas
1070 3202 1231 3263 libertates
1258 3215 1342 3262 suas

186 3284 361 3366 tepuerint,
382 3281 483 3365 ipsius
503 3281 661 3365 pontilicis
680 3282 856 3350 sollicitudo
903 3304 977 3348 mox
997 3288 1030 3350 iu
1050 3285 1160 3350 sedem
1172 3282 1242 3346 sibi
1263 3301 1341 3346 ere-

187 3368 285 3434 ditam
313 3371 523 3452 successerit,
551 3388 607 3450 per
633 3369 750 3435 clerum
776 3377 831 3434 aut
851 3331 1043 3434 domesticos
1063 3368 1240 3454 perquirere
1260 3387 1342 3450 pro-

189 3453 309 3520 curabit
328 3473 417 3538 rquos
443 3454 638 3532 decedentes
667 3452 809 3539 episcopi
835 3453 876 3518 de
902 3453 1026 3520 familiis
1046 3457 1205 3520 ecclesiae
1224 3473 1343 3516 manu-

187 3541 348 3606 missionis
374 3541 477 3623 gratia
511 3541 715 3604 titulaverunt
729 3539 793 3622 ⁸),
813 3547 851 3602 ut
877 3539 988 3604 eodem
1003 3539 1039 3620 ⁹)
1066 3539 1215 3623 pontifice
1242 3557 1343 3620 prae-

189 3635 338 3698 monente
371 3625 432 3706 ipsi
465 3625 567 3688 liberti
599 3627 736 3690 cartulas
777 3624 931 3690 libertatis
972 3644 1049 3688 suae
1090 3632 1343 3707 repraesentent,

157 3776 161 3782 .
189 3712 322 3795 qualiter
341 3729 403 3776 nec
422 3709 524 3774 liberti
543 3711 700 3775 ecclesiae
715 3709 755 3772 de
774 3710 968 3773 institutione
983 3728 1135 3774 canonum
1157 3711 1342 3794 ignorantes

165 3815 230 3880 „se
254 3793 341 3858 'esse'
356 3793 557 3876 perhibeant,
588 3813 650 3858 nec
677 3794 852 3858 sacerdotis
878 3794 991 3858 callida
1009 3796 1157 3858 voluntas
1184 3801 1342 3874 patescat,

190 3879 285 3945 uude,
304 3890 412 3944 contra
440 3878 576 3942 ordinem
602 3877 792 3944 reducantur
815 3878 997 3944 manumissi
1024 3879 1065 3942 ad
1091 3879 1243 3962 originem
1270 3896 1344 3942 ser-

190 3965 313 4028 vitutis.
350 3962 461 4042 ·Quod
493 3967 522 4028 si
551 3963 701 4046 pontifice
732 3974 954 4046 praemonente
988 3965 1233 4046 contempserint
1264 3963 1344 4026 infra

193 4047 266 4116 anni
291 4047 427 4132 spatium
453 4067 530 4112 suas
557 4049 729 4113 libertates.
745 4049 887 4131 propriae
914 4046 1003 4114 sedis
1023 4050 1173 4132 episcopo
1193 4047 1343 4130 pandere,

192 4135 311 4200 licitum
339 4133 382 4196 sit
406 4133 437 4194 ei
463 4131 636 4198 secundum
664 4151 817 4198 canonum
841 4132 1025 4218 sanctiones
1044 4134 1076 4198 iu
1092 4133 1162 4216 jnre
1183 4151 1262 4198 suae
1284 4150 1345 4197 eo-

193 4223 312 4286 clesiae
332 4216 482 4283 reducere
501 4219 682 4283 servituros.

124 4439 132 4457 ,
238 4381 574 4455 mitescentium.
618 4411 653 4428 ·-
684 4383 813 4454 ·2)-ruo
833 4384 885 4448 Μ..
909 4385 938 4438 lu
961 4387 1182 4452 ruettutecod.
1204 4387 1273 4453 sug.
1308 4412 1343 4426 ·-

238 4457 267 4522 t)
285 4463 370 4520 ruerut
385 4459 422 4512 Μ.
453 4467 501 4499 -’
527 4455 558 4526 ⁴)
573 4463 667 4510 ttteroa
682 4453 750 4508 torte
767 4463 871 4508 uector
886 4453 924 4507 M.
949 4483 986 4497 -
1016 4457 1045 4524 ὅ)
1063 4476 1080 4510 n
1097 4457 1173 4510 deest
1189 4471 1232 4526 ap.
1253 4454 1291 4508 Μ.
1307 4481 1344 4495 -

239 4523 473 4595 ⁶)'reprceienleut
489 4527 526 4580 Μ.
560 4533 595 4566 ³—-
644 4525 757 4591 ⁷)'uode
773 4523 818 4578 bec
834 4525 871 4576 Μ.
906 4549 941 4566 ·-
991 4525 1078 4595 'ilis
1094 4527 1162 4581 cod.
1179 4528 1259 4594 Aug„
1284 4542 1342 4590 pru·

266 4603 398 4651 tuluoertut
413 4597 451 4650 Μ.
485 4625 520 4638 -
562 4597 592 4669 ⁹)
610 4603 707 4650 ruroerrt
723 4595 780 4659 Ε..
803 4593 901 4650 etit.»
918 4619 953 4636 -
1100 4621 1104 4626 ·
1160 4606 1163 4618 ’
