2864 5042
59 215 66 238 ‘
181 211 250 282 240

208 427 504 514 CONCllleM
523 433 951 520 rramscoNnNsli
976 435 1276 518 SECUNDUM
1287 437 1341 534 ¹).

679 599 848 618 m

185 653 440 770 Residentilrus
470 701 602 790 Prisco,
638 683 776 774 ducatio
788 749 798 788 ,
829 705 1038 773 mascarano
1050 749 1061 792 ,
1093 704 1353 787 bertechranno,

187 793 347 881 Artemlo,
374 797 509 882 Sulpitio
535 801 780 882 metropolitanis
805 796 965 882 episcopis
990 817 1062 861 curn
1088 797 1236 862 omnibus
1254 817 1354 862 ecn-

188 881 408 948 mcerdotibus
428 903 543 968 eorum,
557 887 687 950 Priscus
707 885 878 968 episcopus
897 883 1072 967 paunroha
1090 884 1200 948 diritr.
1213 881 1354 948 Gratias
1412 957 1413 962 ἵ

189 968 315 1050 &murs
340 968 464 1034 domino
491 969 551 1034 dec
572 979 679 1035 nostro
685 1015 696 1053 ,
724 973 836 1036 flauas
857 977 893 1032 et
912 967 1159 1034 consacerdotes
1178 971 1264 1051 mei,
1293 971 1352 1051 qui

189 1071 249 1116 nas
269 1054 303 1118 in
324 1054 386 1118 lroc
406 1055 457 1120 die
478 1075 678 1141 congregans
699 1057 819 1120 alterna
838 1074 898 1118 nos
918 1055 995 1118 lacit
1007 1053 1043 1134 ²)
1071 1055 1231 1137 sospitato
1262 1073 1354 1137 gau·

190 1133 275 1206 aare.
304 1139 414 1204 Ceteri
433 1142 575 1224 episcopi
595 1140 870 1224 metropolitanil)
883 1137 1125 1222 responderunt:
1145 1138 1352 1214 (laudemus,
1415 1162 1416 1173 ¹

191 1221 286 1287 frater
311 1227 530 1310 sanctissime,
559 1221 642 1309 quod
669 1245 779 1292 omncs
805 1224 947 1306 episcopi
968 1226 1073 1306 quiin
1091 1225 1354 1308 regnagloricsi
1414 1237 1415 1246 ¹

192 1306 308 1372 domini
321 1309 356 1390 ⁴)
378 1309 565 1406 Guntramm
584 1313 670 1412 regis
692 1311 864 1396 episcopali
884 1309 999 1372 honore
1020 1309 1207 1398 funguntur,
1229 1313 1262 1372 in
1284 1329 1352 1372 uno

192 1399 230 1456 se
245 1391 443 1474 conspiciunt
463 1395 630 1460 coadunati
651 1395 800 1480 concilio,
822 1403 988 1476 propterea
1005 1395 1221 1458 indesinenter
1236 1414 1353 1458 omnes

192 1495 252 1540 nos
274 1497 360 1540 crare
382 1488 521 1563 oportet,
543 1489 579 1543 ut
598 1478 649 1545 dei
671 1479 892 1564 omnipotentis
912 1480 1063 1562 majestas
1084 1489 1118 1542 et
1136 1479 1228 1563 regis
1249 1481 1355 1544 nostri
1415 1552 1416 1555 Ἴ

191 1561 437 1628 incolumitatem
475 1565 570 1630 solita
604 1569 725 1652 pietate
763 1575 950 1650 conservet,
989 1573 1024 1630 et
1060 1583 1119 1628 nos
1150 1569 1264 1629 omnes
1294 1563 1353 1647 qui

192 1647 330 1714 membra
350 1667 460 1714 sumus
479 1669 541 1714 uno
557 1649 592 1732 ⁸)
611 1653 797 1716 sub'nostro
820 1651 925 1734 capite
946 1649 1073 1714 Christo
1094 1649 1275 1736 coadunati,
1297 1653 1354 1714 illa

193 1751 253 1796 nos
285 1735 405 1818 operari
436 1736 593 1802 concedat
624 1757 706 1822 quae
735 1734 899 1802 serenitati
922 1733 972 1800 'ac
999 1735 1157 1818 majestati
1188 1735 1260 1816 ejus
1291 1739 1353 1800 rite

194 1821 420 1904 complaceant.
472 1821 619 1886 Universi
652 1823 793 1906 episcopi
828 1820 991 1884 dixerunt:
1024 1821 1289 1904 Congratulamur
1317 1832 1354 1885 et
1414 1871 1415 1878 ,

194 1921 270 2003 nos,
298 1915 405 1992 patres
431 1908 638 1992 sanctissimi,
667 1911 720 1994 qui
747 1928 803 1990 per
829 1907 991 1970 intervalla
1012 1915 1185 1988 temporum
1206 1907 1352 1988 separati

195 1991 468 2058 hodre.noscimur
488 2001 563 2076 post
583 2003 644 2058 tot
656 2001 829 2075 temporum
849 1991 1001 2064 curricula
1022 1991 1156 2060 tinterna
1178 1991 1352 2055 dilectione

196 2078 397 2156 corporaliter
419 2077 526 2162 jungi,
554 2079 689 2162 ideoque
717 2080 873 2162 petimuS,
907 2086 942 2140 ut
971 2095 1052 2160 quae
1080 2078 1245 2160 tractanda
1274 2087 1352 2140 sunt

196 2161 289 2222 vobis
321 2164 585 2244 praecipientibus
614 2165 758 2230 celeriter
777 2171 1035 2248 ,pertractentum
1069 2179 1111 2230 ne
1138 2178 1199 2230 nos
1226 2181 1350 2225 saevae

196 2241 309 2310 hiemis
324 2247 498 2325 procellosa
515 2256 691 2328 tempestas
706 2269 726 2312 a
740 2248 870 2312 sedibus
891 2249 1030 2334 propriis,
1051 2246 1124 2332 qnia
1144 2248 1242 2330 longe
1265 2258 1351 2330 sunt,

199 2328 395 2412 longitudine
415 2349 476 2394 sua
491 2329 524 2412 ⁰)
546 2341 662 2397 arceat.
701 2332 941 2414 Metropolitani
956 2350 1065 2408 omnes
1085 2333 1252 2396 dixerunt:
1280 2335 1351 2396 Deo
1414 2355 1415 2360 ¹

198 2416 369 2479 auxiliante
399 2418 553 2480 communi
579 2415 800 2488 deliberatione
821 2419 947 2502 singula
969 2418 1256 2502 quaene-cessaria
1277 2427 1353 2483 sunt

198 2520 219 2564 a
248 2497 339 2566 nobis
370 2500 573 2588 definientur,
602 2505 665 2568 hoc
695 2505 863 2566 universae
894 2501 1079 2566 fraternitati
1111 2511 1241 2566 vestrae
1274 2523 1352 2566 sua·
1413 2507 1414 2511 ’

200 2585 332 2670 demus,
362 2598 398 2652 ut
425 2607 464 2651 ee
492 2608 574 2672 quae
602 2590 712 2671 spiritu
739 2598 851 2654 sancto
881 2587 1021 2657 dictante
1049 2607 1104 2669 per
1131 2607 1185 2652 ora
1215 2592 1356 2652 omnium·

199 2682 374 2736 nostrornm
400 2675 564 2737 terminata
589 2673 704 2738 fuerint
732 2694 789 2754 par
820 2693 930 2738 omnes
957 2673 1124 2758 ecclesias*
1137 2673 1353 2756 innotescant,
1414 2705 1415 2718 κ

199 2767 236 2820 ut
257 2758 471 2840 unusquisque
492 2758 566 2840 quid
587 2759 755 2824 observare
778 2758 893 2823 debeat
918 2758 987 2822 sino
1014 2759 1117 2840 eliqua
1142 2761 1354 2822 excusatione

200 2842 373 2910 condiscat
415 2841 569 2924 Quoniam
590 2863 649 2908 nos
670 2839 828 2910 individua
849 2843 982 2926 trinitas,
1003 2841 1261 2926 quemadmodum
1284 2847 1357 2926 spi-

199 2928 281 3011 ritu,
302 2947 432 3012 corpore
452 2948 576 3012 quoquo
596 2929 627 2995 in
649 2948 711 2990 uno
733 2930 893 3010 copulavit
911 2927 1089 3010 conventu,
1116 2928 1268 2991 debemus
1296 2949 1357 2992 sa-,

200 3014 299 3096 pienti
320 3015 449 3076 consilio
479 3012 621 3077 omnibus
648 3013 835 3098 subvenire,
862 3031 903 3075 ne
924 3015 1004 3077 forte
1025 3011 1222 3077 taciturnitas
1243 3026 1357 3078 nostra

202 3106 236 3159 et
263 3098 354 3160 nobis
379 3095 602 3178 praejudicium
624 3097 798 3162 divinitatis
816 3097 929 3166 afferat
951 3107 985 3161 et
1004 3093 1169 3180 coabjectus
1186 3097 1221 3162 iu
1241 3107 1358 3163 tenta*
1415 3104 1416 3139 ³

199 3182 318 3246 tionem
338 3180 475 3246 inducat.
1130 3263 1133 3269 Ι
1163 3229 1167 3236 .

316 3303 339 3366 1.
360 3298 413 3372 De
427 3302 613 3365 'intremisco
634 3296 702 3364 diei
722 3297 901 3368 dominicae
921 3303 1011 3367 cultro
1028 3301 1252 3370 rademon-
1279 3315 1283 3325 ·

287 3405 442 3471 Videmus
463 3406 545 3470 enim
572 3405 718 3486 populum
740 3402 948 3468 Christianum
975 3405 1140 3469 temerario
1161 3424 1247 3466 more
1266 3402 1358 3488 'diem
1414 3439 1415 3446 κ

204 3487 390 3554 dominicam
412 3489 758 3577 contemptui'tradere,
780 3501 814 3555 et
835 3487 918 3553 sicul
938 3492 970 3553 in
990 3490 1120 3572 priuatis
1142 3483 1357 3570 diebusmpe-
1415 3548 1416 3555 ,

203 3579 290 3642 ribus
325 3577 480 3641 continuis
505 3575 685 3657 indulgere.
713 3571 926 3661 ¹vP'ropterea
958 3575 1015 3658 per
1032 3575 1133 3653 ,hanc
1167 3573 1355 3658 synodalem

203 3672 343 3726 nostram
379 3661 545 3743 epistolam
577 3659 798 3743 decernimus,
829 3662 868 3724 'ut
900 3661 1115 3744 unusquisque
1132 3665 1295 3722 nonnum·
1324 3663 1354 3723 in
1415 3694 1416 3713 1

204 3749 419 3824 sacrosanctis
447 3744 593 3810 eeclesiis
622 3745 789 3808 admoneat
808 3746 1058 3832 'sibi-pubditam
1085 3747 1230 3828 plebemt
1262 3755 1299 3816 et
1313 3743 1355 3820 ,si

205 3833 332 3914 quidem
367 3830 567 3896 admonitioni
599 3845 794 3898 consensum
815 3831 1042 3913 ‹pachumint,
1086 3825 1153 3892 suis
1186 3829 1355 3909 proderunt

204 3915 411 4000 utilitatibus,
438 3916 488 3980 sin
516 3923 636 3997 autern,
664 3914 873 3996 subjacebunt
898 3918 1012 3997 poenis
1038 3935 1063 3981 a
1084 3913 1175 3984 nabis
1190 3915 1355 3984 diuturnus

206 4002 351 4075 definitis.
394 4000 642 4082 Omnesitaque
664 3999 1010 4083 onocentaurum
1030 4001 1194 4067 ineassum
1211 4001 1355 4068 beeno-

205 4090 290 4154 mine
303 4086 443 4167 licinaini,
457 4083 924 4170 nostramadmonitioniaurem
944 4086 1191 4164 accommodam,
1213 4087 1355 4156 solantes

206 4171 351 4258 quoniam
379 4181 505 4236 nostrae
535 4181 586 4242 est
613 4171 958 4255 auctoritatisutilitati
974 4171 1302 4252 nesuaaprospiaesa
1319 4179 1354 4234 et

251 4392 280 4460 1)
300 4391 428 4444 Collatum
446 4390 479 4442 ad
494 4406 559 4498 gnos
578 4389 654 4478 codd.
668 4389 735 4453 Reg.
747 4388 780 4454 D,
792 4405 817 4453 a,
833 4391 951 4498 aptarem
968 4387 1148 4478 collectionem
1164 4381 1268 4468 regiani
1278 4387 1354 4454 3887,

157 4502 159 4510 '
250 4460 382 4596 oplioni}
404 4488 469 4594 'rr—eg.
486 4459 524 4578 ni
542 4463 609 4564 &⁶2⁶
621 4459 808 4593 milliara?
832 4459 883 4580 cm).
897 4457 1354 4592 iff'iiriiffi'i‘n‘iffirlnaiffll-D'
1414 4446 1415 4525 ¹

251 4599 281 4664 ⁸)
300 4615 315 4648 c
332 4604 433 4648 redibas
448 4603 558 4658 propriis
573 4602 723 4660 lonpltodtne
739 4613 786 4648 roc
803 4605 920 4658 canolam
936 4603 1008 4661 lonpe
1025 4605 1063 4649 cet
1079 4597 1145 4661 Rem
1165 4595 1206 4661 D,
1226 4612 1252 4651 a·
1286 4621 1321 4634 -
