<?xml version="1.0" encoding="UTF-8"?>
<!DOCTYPE html PUBLIC "-//W3C//DTD XHTML 1.0 Transitional//EN"
    "http://www.w3.org/TR/xhtml1/DTD/xhtml1-transitional.dtd">
<html xmlns="http://www.w3.org/1999/xhtml" xml:lang="en" lang="en">
 <head>
  <title>
</title>
<meta http-equiv="Content-Type" content="text/html;charset=utf-8" />
  <meta name='ocr-system' content='tesseract 3.04.00' />
  <meta name='ocr-capabilities' content='ocr_page ocr_carea ocr_par ocr_line ocrx_word'/>
</head>
<body>
  <div class='ocr_page' id='page_1' title='image "./canonesapostolo01brungoog_0262.png"; bbox 0 0 2864 5042; ppageno 0'>
   <div class='ocr_carea' id='block_1_1' title="bbox 200 225 1115 310">
    <p class='ocr_par' dir='ltr' id='par_1_1' title="bbox 200 225 1115 310">
     <span class='ocr_line' id='line_1_1' title="bbox 200 225 1115 310; baseline -0.013 0"><span class='ocrx_word' id='word_1_1' title='bbox 200 239 267 310; x_wconf 71' lang='grc' dir='ltr'><strong>ΙΙΙ</strong></span> <span class='ocrx_word' id='word_1_2' title='bbox 433 231 676 304; x_wconf 65' lang='lat' dir='ltr'><strong>mm</strong></span> <span class='ocrx_word' id='word_1_3' title='bbox 704 225 1115 298; x_wconf 65' lang='lat' dir='ltr'><strong>hmmmmffl.</strong></span> 
     </span>
    </p>
   </div>
   <div class='ocr_carea' id='block_1_2' title="bbox 201 403 1360 846">
    <p class='ocr_par' dir='ltr' id='par_1_2' title="bbox 399 403 1141 489">
     <span class='ocr_line' id='line_1_2' title="bbox 399 403 1141 489; baseline -0.007 -19"><span class='ocrx_word' id='word_1_4' title='bbox 399 403 456 470; x_wconf 82' lang='grc' dir='ltr'><strong>Ν.</strong></span> <span class='ocrx_word' id='word_1_5' title='bbox 501 403 546 470; x_wconf 79' lang='lat' dir='ltr'><strong>Ut</strong></span> <span class='ocrx_word' id='word_1_6' title='bbox 565 407 705 489; x_wconf 64' lang='lat' dir='ltr'><strong>angulo</strong></span> <span class='ocrx_word' id='word_1_7' title='bbox 724 411 759 468; x_wconf 74' lang='lat' dir='ltr'><strong>or</strong></span> <span class='ocrx_word' id='word_1_8' title='bbox 778 403 947 488; x_wconf 74' lang='lat' dir='ltr'><strong>mrtiloglo</strong></span> <span class='ocrx_word' id='word_1_9' title='bbox 966 403 1141 484; x_wconf 73' lang='lat' dir='ltr'><strong>raomflm.</strong></span> 
     </span>
    </p>

    <p class='ocr_par' dir='ltr' id='par_1_3' title="bbox 201 487 1360 846">
     <span class='ocr_line' id='line_1_3' title="bbox 284 487 1359 574; baseline -0.007 -18"><span class='ocrx_word' id='word_1_10' title='bbox 284 491 359 556; x_wconf 83' lang='lat' dir='ltr'><strong>Non</strong></span> <span class='ocrx_word' id='word_1_11' title='bbox 383 491 462 556; x_wconf 89' lang='lat' dir='ltr'><strong>licet</strong></span> <span class='ocrx_word' id='word_1_12' title='bbox 488 491 531 561; x_wconf 84' lang='lat' dir='ltr'><strong>ad</strong></span> <span class='ocrx_word' id='word_1_13' title='bbox 558 493 730 574; x_wconf 73' lang='lat' dir='ltr'><strong>sortilegos</strong></span> <span class='ocrx_word' id='word_1_14' title='bbox 755 491 810 554; x_wconf 87' lang='lat' dir='ltr'><strong>vel</strong></span> <span class='ocrx_word' id='word_1_15' title='bbox 837 489 879 554; x_wconf 88' lang='lat' dir='ltr'><strong>ad</strong></span> <span class='ocrx_word' id='word_1_16' title='bbox 910 488 1042 572; x_wconf 76' lang='lat' dir='ltr'><strong>augrnia</strong></span> <span class='ocrx_word' id='word_1_17' title='bbox 1075 487 1256 569; x_wconf 83' lang='lat' dir='ltr'><strong>respicere,</strong></span> <span class='ocrx_word' id='word_1_18' title='bbox 1294 507 1359 548; x_wconf 93' lang='lat' dir='ltr'><strong>non</strong></span> 
     </span>
     <span class='ocr_line' id='line_1_4' title="bbox 205 571 1360 660; baseline -0.01 -17"><span class='ocrx_word' id='word_1_19' title='bbox 205 577 248 643; x_wconf 84' lang='lat' dir='ltr'><strong>ad</strong></span> <span class='ocrx_word' id='word_1_20' title='bbox 268 576 415 660; x_wconf 73' lang='lat' dir='ltr'><strong>caragios</strong></span> <span class='ocrx_word' id='word_1_21' title='bbox 434 594 495 640; x_wconf 89' lang='lat' dir='ltr'><strong>nec</strong></span> <span class='ocrx_word' id='word_1_22' title='bbox 516 575 558 638; x_wconf 87' lang='lat' dir='ltr'><strong>ad</strong></span> <span class='ocrx_word' id='word_1_23' title='bbox 576 583 680 638; x_wconf 79' lang='lat' dir='ltr'>sortes</span> <span class='ocrx_word' id='word_1_24' title='bbox 700 593 780 656; x_wconf 89' lang='lat' dir='ltr'><strong>quas</strong></span> <span class='ocrx_word' id='word_1_25' title='bbox 800 581 979 638; x_wconf 87' lang='lat' dir='ltr'><strong>sanctorum</strong></span> <span class='ocrx_word' id='word_1_26' title='bbox 997 579 1115 636; x_wconf 83' lang='lat' dir='ltr'><strong>vocant</strong></span> <span class='ocrx_word' id='word_1_27' title='bbox 1134 573 1189 633; x_wconf 87' lang='lat' dir='ltr'><strong>vel</strong></span> <span class='ocrx_word' id='word_1_28' title='bbox 1208 591 1294 653; x_wconf 87' lang='lat' dir='ltr'><strong>quas</strong></span> <span class='ocrx_word' id='word_1_29' title='bbox 1319 571 1360 634; x_wconf 88' lang='lat' dir='ltr'><strong>de</strong></span> 
     </span>
     <span class='ocr_line' id='line_1_5' title="bbox 201 656 1359 748; baseline -0.009 -21"><span class='ocrx_word' id='word_1_30' title='bbox 201 665 288 748; x_wconf 77' lang='lat' dir='ltr'><strong>ligno</strong></span> <span class='ocrx_word' id='word_1_31' title='bbox 310 671 366 725; x_wconf 86' lang='lat' dir='ltr'><strong>aut</strong></span> <span class='ocrx_word' id='word_1_32' title='bbox 385 661 426 726; x_wconf 88' lang='lat' dir='ltr'><strong>de</strong></span> <span class='ocrx_word' id='word_1_33' title='bbox 453 680 535 744; x_wconf 88' lang='lat' dir='ltr'><strong>pana</strong></span> <span class='ocrx_word' id='word_1_34' title='bbox 563 659 683 729; x_wconf 76' lang='lat' dir='ltr'><strong>faciunt</strong></span> <span class='ocrx_word' id='word_1_35' title='bbox 710 657 895 740; x_wconf 82' lang='lat' dir='ltr'><strong>adspicere;</strong></span> <span class='ocrx_word' id='word_1_36' title='bbox 923 656 982 728; x_wconf 77' lang='lat' dir='ltr'><strong>aad</strong></span> <span class='ocrx_word' id='word_1_37' title='bbox 1010 675 1230 740; x_wconf 83' lang='lat' dir='ltr'><strong>quaecumque</strong></span> <span class='ocrx_word' id='word_1_38' title='bbox 1263 658 1359 720; x_wconf 92' lang='lat' dir='ltr'><strong>homo</strong></span> 
     </span>
     <span class='ocr_line' id='line_1_6' title="bbox 201 741 996 846; baseline -0.013 -32"><span class='ocrx_word' id='word_1_39' title='bbox 201 750 307 814; x_wconf 86' lang='lat' dir='ltr'><strong>lacere</strong></span> <span class='ocrx_word' id='word_1_40' title='bbox 327 747 414 830; x_wconf 84' lang='lat' dir='ltr'><strong>vult,</strong></span> <span class='ocrx_word' id='word_1_41' title='bbox 435 748 539 810; x_wconf 89' lang='lat' dir='ltr'><strong>omnia</strong></span> <span class='ocrx_word' id='word_1_42' title='bbox 558 745 590 807; x_wconf 92' lang='lat' dir='ltr'><strong>in</strong></span> <span class='ocrx_word' id='word_1_43' title='bbox 610 745 733 808; x_wconf 89' lang='lat' dir='ltr'><strong>nomine</strong></span> <span class='ocrx_word' id='word_1_44' title='bbox 755 743 870 846; x_wconf 75' lang='lat' dir='ltr'><strong>domini</strong></span> <span class='ocrx_word' id='word_1_45' title='bbox 888 741 996 808; x_wconf 82' lang='lat' dir='ltr'><strong>saciat.</strong></span> 
     </span>
    </p>
   </div>
   <div class='ocr_carea' id='block_1_3' title="bbox 204 859 1359 1116">
    <p class='ocr_par' dir='ltr' id='par_1_4' title="bbox 204 859 1359 1116">
     <span class='ocr_line' id='line_1_7' title="bbox 401 859 1142 944; baseline -0.008 -16"><span class='ocrx_word' id='word_1_46' title='bbox 401 862 444 928; x_wconf 89' lang='lat' dir='ltr'><strong>V.</strong></span> <span class='ocrx_word' id='word_1_47' title='bbox 491 861 632 944; x_wconf 76' lang='lat' dir='ltr'><strong>Vigilr‘ue</strong></span> <span class='ocrx_word' id='word_1_48' title='bbox 651 862 760 925; x_wconf 81' lang='lat' dir='ltr'><strong>sancti</strong></span> <span class='ocrx_word' id='word_1_49' title='bbox 779 859 918 924; x_wconf 77' lang='lat' dir='ltr'><strong>Martini</strong></span> <span class='ocrx_word' id='word_1_50' title='bbox 938 859 1142 923; x_wconf 78' lang='lat' dir='ltr'><strong>interdictae.</strong></span> 
     </span>
     <span class='ocr_line' id='line_1_8' title="bbox 287 943 1359 1030; baseline -0.009 -14"><span class='ocrx_word' id='word_1_51' title='bbox 287 949 420 1016; x_wconf 85' lang='lat' dir='ltr'><strong>Omnino</strong></span> <span class='ocrx_word' id='word_1_52' title='bbox 447 957 481 1011; x_wconf 86' lang='lat' dir='ltr'><strong>et</strong></span> <span class='ocrx_word' id='word_1_53' title='bbox 505 948 587 1011; x_wconf 85' lang='lat' dir='ltr'><strong>inter</strong></span> <span class='ocrx_word' id='word_1_54' title='bbox 613 945 811 1030; x_wconf 86' lang='lat' dir='ltr'><strong>supradictas</strong></span> <span class='ocrx_word' id='word_1_55' title='bbox 832 946 1026 1011; x_wconf 85' lang='lat' dir='ltr'><strong>conditiones</strong></span> <span class='ocrx_word' id='word_1_56' title='bbox 1045 943 1248 1028; x_wconf 73' lang='lat' dir='ltr'><strong>pervigilas,</strong></span> <span class='ocrx_word' id='word_1_57' title='bbox 1278 963 1359 1028; x_wconf 86' lang='lat' dir='ltr'><strong>quas</strong></span> 
     </span>
     <span class='ocr_line' id='line_1_9' title="bbox 204 1027 1251 1116; baseline -0.008 -16"><span class='ocrx_word' id='word_1_58' title='bbox 204 1038 235 1100; x_wconf 93' lang='lat' dir='ltr'><strong>in</strong></span> <span class='ocrx_word' id='word_1_59' title='bbox 254 1035 371 1110; x_wconf 86' lang='lat' dir='ltr'><strong>honore</strong></span> <span class='ocrx_word' id='word_1_60' title='bbox 392 1033 497 1100; x_wconf 91' lang='lat' dir='ltr'><strong>domni</strong></span> <span class='ocrx_word' id='word_1_61' title='bbox 517 1029 644 1096; x_wconf 82' lang='lat' dir='ltr'><strong>Martini</strong></span> <span class='ocrx_word' id='word_1_62' title='bbox 664 1031 850 1116; x_wconf 84' lang='lat' dir='ltr'><strong>observant,</strong></span> <span class='ocrx_word' id='word_1_63' title='bbox 873 1027 1055 1094; x_wconf 84' lang='lat' dir='ltr'><strong>omnimodis</strong></span> <span class='ocrx_word' id='word_1_64' title='bbox 1074 1029 1251 1113; x_wconf 87' lang='lat' dir='ltr'><strong>prohibete.</strong></span> 
     </span>
    </p>
   </div>
   <div class='ocr_carea' id='block_1_4' title="bbox 289 1145 1360 1318">
    <p class='ocr_par' dir='ltr' id='par_1_5' title="bbox 289 1145 1360 1318">
     <span class='ocr_line' id='line_1_10' title="bbox 329 1145 1229 1234; baseline -0.006 -18"><span class='ocrx_word' id='word_1_65' title='bbox 329 1151 384 1216; x_wconf 80' lang='lat' dir='ltr'><strong>Vh</strong></span> <span class='ocrx_word' id='word_1_66' title='bbox 431 1151 475 1214; x_wconf 78' lang='lat' dir='ltr'><strong>Ut</strong></span> <span class='ocrx_word' id='word_1_67' title='bbox 495 1151 632 1214; x_wconf 78' lang='lat' dir='ltr'><strong>chrisma</strong></span> <span class='ocrx_word' id='word_1_68' title='bbox 653 1151 803 1215; x_wconf 81' lang='lat' dir='ltr'><strong>emedio</strong></span> <span class='ocrx_word' id='word_1_69' title='bbox 824 1145 1068 1234; x_wconf 75' lang='lat' dir='ltr'><strong>quadragesimo</strong></span> <span class='ocrx_word' id='word_1_70' title='bbox 1082 1156 1229 1230; x_wconf 81' lang='lat' dir='ltr'><strong>petatur.</strong></span> 
     </span>
     <span class='ocr_line' id='line_1_11' title="bbox 289 1235 1360 1318; baseline -0.006 -16"><span class='ocrx_word' id='word_1_71' title='bbox 289 1239 333 1302; x_wconf 88' lang='lat' dir='ltr'><strong>Ut</strong></span> <span class='ocrx_word' id='word_1_72' title='bbox 360 1235 504 1300; x_wconf 87' lang='lat' dir='ltr'><strong>amedia</strong></span> <span class='ocrx_word' id='word_1_73' title='bbox 530 1236 770 1318; x_wconf 86' lang='lat' dir='ltr'><strong>quadragesima</strong></span> <span class='ocrx_word' id='word_1_74' title='bbox 800 1235 977 1317; x_wconf 86' lang='lat' dir='ltr'><strong>presbyteri</strong></span> <span class='ocrx_word' id='word_1_75' title='bbox 1003 1235 1137 1298; x_wconf 78' lang='lat' dir='ltr'><strong>chrisma</strong></span> <span class='ocrx_word' id='word_1_76' title='bbox 1163 1241 1295 1314; x_wconf 83' lang='lat' dir='ltr'><strong>petant,</strong></span> <span class='ocrx_word' id='word_1_77' title='bbox 1327 1241 1360 1296; x_wconf 85' lang='lat' dir='ltr'><strong>cl</strong></span> 
     </span>
    </p>
   </div>
   <div class='ocr_carea' id='block_1_5' title="bbox 99 1319 1373 1408">
    <p class='ocr_par' dir='ltr' id='par_1_6' title="bbox 99 1319 1373 1408">
     <span class='ocr_line' id='line_1_12' title="bbox 99 1319 1373 1408; baseline -0.006 -20"><span class='ocrx_word' id='word_1_78' title='bbox 99 1319 102 1324; x_wconf 75' lang='grc'><strong>’</strong></span> <span class='ocrx_word' id='word_1_79' title='bbox 203 1324 232 1389; x_wconf 86' lang='lat' dir='ltr'><strong>ai</strong></span> <span class='ocrx_word' id='word_1_80' title='bbox 252 1325 323 1408; x_wconf 87' lang='lat' dir='ltr'><strong>quis</strong></span> <span class='ocrx_word' id='word_1_81' title='bbox 343 1321 521 1386; x_wconf 83' lang='lat' dir='ltr'><strong>infirmitate</strong></span> <span class='ocrx_word' id='word_1_82' title='bbox 543 1322 690 1382; x_wconf 87' lang='lat' dir='ltr'><strong>detentus</strong></span> <span class='ocrx_word' id='word_1_83' title='bbox 710 1320 819 1388; x_wconf 85' lang='lat' dir='ltr'><strong>venire</strong></span> <span class='ocrx_word' id='word_1_84' title='bbox 839 1339 901 1382; x_wconf 87' lang='lat' dir='ltr'><strong>noo</strong></span> <span class='ocrx_word' id='word_1_85' title='bbox 921 1319 1073 1400; x_wconf 87' lang='lat' dir='ltr'><strong>potuerit,</strong></span> <span class='ocrx_word' id='word_1_86' title='bbox 1094 1319 1135 1380; x_wconf 90' lang='lat' dir='ltr'><strong>ad</strong></span> <span class='ocrx_word' id='word_1_87' title='bbox 1156 1319 1373 1388; x_wconf 65' lang='lat' dir='ltr'><strong>archidiace,</strong></span> 
     </span>
    </p>
   </div>
   <div class='ocr_carea' id='block_1_6' title="bbox 201 1402 1358 1580">
    <p class='ocr_par' dir='ltr' id='par_1_7' title="bbox 201 1402 1358 1580">
     <span class='ocr_line' id='line_1_13' title="bbox 202 1402 1358 1486; baseline -0.004 -14"><span class='ocrx_word' id='word_1_88' title='bbox 202 1428 276 1472; x_wconf 90' lang='lat' dir='ltr'><strong>num</strong></span> <span class='ocrx_word' id='word_1_89' title='bbox 291 1428 382 1472; x_wconf 79' lang='lat' dir='ltr'><strong>auum</strong></span> <span class='ocrx_word' id='word_1_90' title='bbox 397 1409 449 1470; x_wconf 89' lang='lat' dir='ltr'><strong>vel</strong></span> <span class='ocrx_word' id='word_1_91' title='bbox 464 1405 773 1470; x_wconf 87' lang='lat' dir='ltr'><strong>archisubdiaconum</strong></span> <span class='ocrx_word' id='word_1_92' title='bbox 787 1406 995 1486; x_wconf 85' lang='lat' dir='ltr'><strong>transmittat,</strong></span> <span class='ocrx_word' id='word_1_93' title='bbox 1013 1402 1071 1468; x_wconf 83' lang='lat' dir='ltr'><strong>sed</strong></span> <span class='ocrx_word' id='word_1_94' title='bbox 1086 1421 1157 1467; x_wconf 88' lang='lat' dir='ltr'><strong>eum</strong></span> <span class='ocrx_word' id='word_1_95' title='bbox 1172 1403 1358 1468; x_wconf 86' lang='lat' dir='ltr'><strong>chrismario</strong></span> 
     </span>
     <span class='ocr_line' id='line_1_14' title="bbox 201 1491 1140 1580; baseline -0.004 -22"><span class='ocrx_word' id='word_1_96' title='bbox 201 1501 237 1558; x_wconf 86' lang='lat' dir='ltr'><strong>et</strong></span> <span class='ocrx_word' id='word_1_97' title='bbox 256 1495 353 1556; x_wconf 86' lang='lat' dir='ltr'><strong>linteo</strong></span> <span class='ocrx_word' id='word_1_98' title='bbox 373 1493 460 1580; x_wconf 79' lang='lat' dir='ltr'><strong>siout</strong></span> <span class='ocrx_word' id='word_1_99' title='bbox 479 1492 628 1574; x_wconf 81' lang='lat' dir='ltr'><strong>reliquiae</strong></span> <span class='ocrx_word' id='word_1_100' title='bbox 649 1499 829 1558; x_wconf 73' lang='lat' dir='ltr'><strong>sannionum</strong></span> <span class='ocrx_word' id='word_1_101' title='bbox 850 1491 1006 1573; x_wconf 87' lang='lat' dir='ltr'><strong>deportari</strong></span> <span class='ocrx_word' id='word_1_102' title='bbox 1027 1491 1140 1554; x_wconf 85' lang='lat' dir='ltr'><strong>solent.</strong></span> 
     </span>
    </p>
   </div>
   <div class='ocr_carea' id='block_1_7' title="bbox 200 1605 1360 1863">
    <p class='ocr_par' dir='ltr' id='par_1_8' title="bbox 200 1605 1360 1863">
     <span class='ocr_line' id='line_1_15' title="bbox 367 1605 1181 1692; baseline -0.002 -20"><span class='ocrx_word' id='word_1_103' title='bbox 367 1605 439 1672; x_wconf 85' lang='lat' dir='ltr'><strong>vn.</strong></span> <span class='ocrx_word' id='word_1_104' title='bbox 479 1608 531 1672; x_wconf 89' lang='lat' dir='ltr'><strong>De</strong></span> <span class='ocrx_word' id='word_1_105' title='bbox 552 1607 680 1690; x_wconf 78' lang='lat' dir='ltr'><strong>synodis</strong></span> <span class='ocrx_word' id='word_1_106' title='bbox 696 1609 948 1692; x_wconf 75' lang='lat' dir='ltr'><strong>presbyterorum</strong></span> <span class='ocrx_word' id='word_1_107' title='bbox 969 1617 1003 1671; x_wconf 85' lang='lat' dir='ltr'><strong>et</strong></span> <span class='ocrx_word' id='word_1_108' title='bbox 1022 1608 1181 1670; x_wconf 80' lang='lat' dir='ltr'><strong>ablutum.</strong></span> 
     </span>
     <span class='ocr_line' id='line_1_16' title="bbox 285 1691 1360 1776; baseline -0.005 -16"><span class='ocrx_word' id='word_1_109' title='bbox 285 1693 331 1760; x_wconf 87' lang='lat' dir='ltr'><strong>Ut</strong></span> <span class='ocrx_word' id='word_1_110' title='bbox 350 1696 452 1758; x_wconf 89' lang='lat' dir='ltr'><strong>medio</strong></span> <span class='ocrx_word' id='word_1_111' title='bbox 469 1693 556 1774; x_wconf 89' lang='lat' dir='ltr'><strong>Majo</strong></span> <span class='ocrx_word' id='word_1_112' title='bbox 579 1707 688 1755; x_wconf 85' lang='lat' dir='ltr'><strong>omncs</strong></span> <span class='ocrx_word' id='word_1_113' title='bbox 710 1693 890 1776; x_wconf 83' lang='lat' dir='ltr'><strong>presbyteri</strong></span> <span class='ocrx_word' id='word_1_114' title='bbox 906 1695 945 1756; x_wconf 94' lang='lat' dir='ltr'><strong>ad</strong></span> <span class='ocrx_word' id='word_1_115' title='bbox 966 1692 1119 1774; x_wconf 88' lang='lat' dir='ltr'><strong>synodum</strong></span> <span class='ocrx_word' id='word_1_116' title='bbox 1139 1691 1173 1755; x_wconf 91' lang='lat' dir='ltr'><strong>io</strong></span> <span class='ocrx_word' id='word_1_117' title='bbox 1193 1693 1360 1756; x_wconf 84' lang='lat' dir='ltr'><strong>civitatem</strong></span> 
     </span>
     <span class='ocr_line' id='line_1_17' title="bbox 200 1778 1359 1863; baseline -0.004 -17"><span class='ocrx_word' id='word_1_118' title='bbox 200 1779 349 1863; x_wconf 83' lang='lat' dir='ltr'><strong>veniant,</strong></span> <span class='ocrx_word' id='word_1_119' title='bbox 377 1789 410 1846; x_wconf 86' lang='lat' dir='ltr'><strong>et</strong></span> <span class='ocrx_word' id='word_1_120' title='bbox 436 1778 588 1844; x_wconf 84' lang='lat' dir='ltr'><strong>Kalendis</strong></span> <span class='ocrx_word' id='word_1_121' title='bbox 614 1778 804 1844; x_wconf 86' lang='lat' dir='ltr'><strong>Novembris</strong></span> <span class='ocrx_word' id='word_1_122' title='bbox 831 1797 941 1842; x_wconf 85' lang='lat' dir='ltr'><strong>omnes</strong></span> <span class='ocrx_word' id='word_1_123' title='bbox 967 1780 1099 1842; x_wconf 86' lang='lat' dir='ltr'><strong>abbates</strong></span> <span class='ocrx_word' id='word_1_124' title='bbox 1127 1779 1167 1841; x_wconf 89' lang='lat' dir='ltr'><strong>ad</strong></span> <span class='ocrx_word' id='word_1_125' title='bbox 1188 1782 1359 1844; x_wconf 84' lang='lat' dir='ltr'><strong>concilium</strong></span> 
     </span>
    </p>
   </div>
   <div class='ocr_carea' id='block_1_8' title="bbox 202 1870 1228 2036">
    <p class='ocr_par' dir='ltr' id='par_1_9' title="bbox 202 1870 1228 2036">
     <span class='ocr_line' id='line_1_18' title="bbox 202 1870 1038 1934; baseline -0.007 -1"><span class='ocrx_word' id='word_1_126' title='bbox 202 1870 402 1933; x_wconf 87' lang='lat' dir='ltr'><strong>conveniant.</strong></span> <span class='ocrx_word' id='word_1_127' title='bbox 724 1911 729 1922; x_wconf 91' lang='lat'>.</span> <span class='ocrx_word' id='word_1_128' title='bbox 1036 1929 1038 1934; x_wconf 71' lang='grc'>,</span> 
     </span>
     <span class='ocr_line' id='line_1_19' title="bbox 327 1947 1228 2036; baseline -0.004 -20"><span class='ocrx_word' id='word_1_129' title='bbox 327 1953 412 2016; x_wconf 85' lang='lat' dir='ltr'><strong>Vlll.</strong></span> <span class='ocrx_word' id='word_1_130' title='bbox 459 1951 551 2030; x_wconf 75' lang='lat' dir='ltr'><strong>Quod</strong></span> <span class='ocrx_word' id='word_1_131' title='bbox 570 1949 703 2014; x_wconf 86' lang='lat' dir='ltr'><strong>mulsum</strong></span> <span class='ocrx_word' id='word_1_132' title='bbox 723 1951 760 2012; x_wconf 85' lang='lat' dir='ltr'><strong>r’u</strong></span> <span class='ocrx_word' id='word_1_133' title='bbox 781 1949 881 2012; x_wconf 83' lang='lat' dir='ltr'><strong>olturr&#39;</strong></span> <span class='ocrx_word' id='word_1_134' title='bbox 901 1950 1098 2036; x_wconf 23' lang='lat' dir='ltr'><strong>offerreloorr</strong></span> <span class='ocrx_word' id='word_1_135' title='bbox 1119 1947 1228 2012; x_wconf 85' lang='lat' dir='ltr'><strong>liceat.</strong></span> 
     </span>
    </p>
   </div>
   <div class='ocr_carea' id='block_1_9' title="bbox 126 2051 1405 2490">
    <p class='ocr_par' dir='ltr' id='par_1_10' title="bbox 289 2051 1376 2133">
     <span class='ocr_line' id='line_1_20' title="bbox 289 2051 1376 2133; baseline -0.001 -17"><span class='ocrx_word' id='word_1_136' title='bbox 289 2053 364 2116; x_wconf 90' lang='lat' dir='ltr'><strong>Non</strong></span> <span class='ocrx_word' id='word_1_137' title='bbox 385 2053 460 2116; x_wconf 86' lang='lat' dir='ltr'><strong>licat</strong></span> <span class='ocrx_word' id='word_1_138' title='bbox 481 2053 512 2114; x_wconf 92' lang='lat' dir='ltr'><strong>io</strong></span> <span class='ocrx_word' id='word_1_139' title='bbox 534 2052 641 2114; x_wconf 87' lang='lat' dir='ltr'><strong>altario</strong></span> <span class='ocrx_word' id='word_1_140' title='bbox 663 2052 695 2112; x_wconf 91' lang='lat' dir='ltr'><strong>in</strong></span> <span class='ocrx_word' id='word_1_141' title='bbox 713 2051 867 2113; x_wconf 85' lang='lat' dir='ltr'><strong>sacrificio</strong></span> <span class='ocrx_word' id='word_1_142' title='bbox 889 2051 993 2113; x_wconf 89' lang='lat' dir='ltr'><strong>divino</strong></span> <span class='ocrx_word' id='word_1_143' title='bbox 1014 2051 1161 2114; x_wconf 84' lang='lat' dir='ltr'><strong>mellitum</strong></span> <span class='ocrx_word' id='word_1_144' title='bbox 1176 2052 1259 2133; x_wconf 93' lang='lat' dir='ltr'><strong>quod</strong></span> <span class='ocrx_word' id='word_1_145' title='bbox 1275 2055 1376 2124; x_wconf 75' lang='lat' dir='ltr'><strong>mul-,</strong></span> 
     </span>
    </p>

    <p class='ocr_par' dir='ltr' id='par_1_11' title="bbox 126 2136 1405 2490">
     <span class='ocr_line' id='line_1_21' title="bbox 126 2136 1357 2218; baseline -0.002 -16"><span class='ocrx_word' id='word_1_146' title='bbox 126 2151 130 2160; x_wconf 85' lang='lat'>&#39;</span> <span class='ocrx_word' id='word_1_147' title='bbox 202 2155 273 2202; x_wconf 85' lang='lat' dir='ltr'><strong>sum</strong></span> <span class='ocrx_word' id='word_1_148' title='bbox 295 2138 470 2218; x_wconf 84' lang='lat' dir='ltr'><strong>appellant,</strong></span> <span class='ocrx_word' id='word_1_149' title='bbox 491 2154 559 2200; x_wconf 80' lang='lat' dir='ltr'><strong>uec</strong></span> <span class='ocrx_word' id='word_1_150' title='bbox 585 2137 681 2200; x_wconf 92' lang='lat' dir='ltr'><strong>ullum</strong></span> <span class='ocrx_word' id='word_1_151' title='bbox 707 2136 791 2199; x_wconf 89' lang='lat' dir='ltr'><strong>aliud</strong></span> <span class='ocrx_word' id='word_1_152' title='bbox 816 2137 961 2216; x_wconf 80' lang='lat' dir='ltr'><strong>poculum</strong></span> <span class='ocrx_word' id='word_1_153' title='bbox 989 2145 1079 2198; x_wconf 86' lang='lat' dir='ltr'><strong>extra</strong></span> <span class='ocrx_word' id='word_1_154' title='bbox 1099 2137 1205 2198; x_wconf 88' lang='lat' dir='ltr'><strong>vinum</strong></span> <span class='ocrx_word' id='word_1_155' title='bbox 1223 2137 1254 2216; x_wconf 89' lang='lat'><strong>¹)</strong></span> <span class='ocrx_word' id='word_1_156' title='bbox 1287 2159 1357 2200; x_wconf 90' lang='lat' dir='ltr'><strong>cum</strong></span> 
     </span>
     <span class='ocr_line' id='line_1_22' title="bbox 203 2211 1405 2304; baseline 0.002 -20"><span class='ocrx_word' id='word_1_157' title='bbox 203 2241 287 2303; x_wconf 90' lang='lat' dir='ltr'><strong>aqua</strong></span> <span class='ocrx_word' id='word_1_158' title='bbox 305 2219 437 2283; x_wconf 83' lang='lat' dir='ltr'><strong>mixtum</strong></span> <span class='ocrx_word' id='word_1_159' title='bbox 458 2220 579 2299; x_wconf 85' lang='lat' dir='ltr'><strong>offerre,</strong></span> <span class='ocrx_word' id='word_1_160' title='bbox 600 2220 676 2302; x_wconf 88' lang='lat' dir='ltr'><strong>quia</strong></span> <span class='ocrx_word' id='word_1_161' title='bbox 697 2220 737 2282; x_wconf 94' lang='lat' dir='ltr'><strong>ad</strong></span> <span class='ocrx_word' id='word_1_162' title='bbox 758 2221 878 2302; x_wconf 85' lang='lat' dir='ltr'><strong>grande</strong></span> <span class='ocrx_word' id='word_1_163' title='bbox 899 2229 1018 2284; x_wconf 89' lang='lat' dir='ltr'><strong>reatum</strong></span> <span class='ocrx_word' id='word_1_164' title='bbox 1039 2229 1074 2284; x_wconf 87' lang='lat' dir='ltr'><strong>et</strong></span> <span class='ocrx_word' id='word_1_165' title='bbox 1092 2211 1258 2302; x_wconf 83' lang='lat' dir='ltr'><strong>pcccaldm</strong></span> <span class='ocrx_word' id='word_1_166' title='bbox 1283 2244 1358 2304; x_wconf 88' lang='lat' dir='ltr'><strong>per·</strong></span> <span class='ocrx_word' id='word_1_167' title='bbox 1404 2221 1405 2292; x_wconf 82' lang='lat' dir='ltr'><strong>l</strong></span> 
     </span>
     <span class='ocr_line' id='line_1_23' title="bbox 204 2304 1405 2389; baseline 0.003 -21"><span class='ocrx_word' id='word_1_168' title='bbox 204 2308 285 2368; x_wconf 89' lang='lat' dir='ltr'><strong>tinet</strong></span> <span class='ocrx_word' id='word_1_169' title='bbox 311 2305 499 2386; x_wconf 87' lang='lat' dir='ltr'><strong>presbytero</strong></span> <span class='ocrx_word' id='word_1_170' title='bbox 526 2305 584 2384; x_wconf 88' lang='lat' dir='ltr'><strong>illi,</strong></span> <span class='ocrx_word' id='word_1_171' title='bbox 614 2306 799 2384; x_wconf 83' lang='lat' dir='ltr'><strong>quicumque</strong></span> <span class='ocrx_word' id='word_1_172' title='bbox 821 2304 904 2365; x_wconf 89' lang='lat' dir='ltr'><strong>aliud</strong></span> <span class='ocrx_word' id='word_1_173' title='bbox 923 2308 1068 2385; x_wconf 91' lang='lat' dir='ltr'><strong>poculum</strong></span> <span class='ocrx_word' id='word_1_174' title='bbox 1090 2315 1179 2368; x_wconf 86' lang='lat' dir='ltr'><strong>extra</strong></span> <span class='ocrx_word' id='word_1_175' title='bbox 1198 2309 1356 2389; x_wconf 81' lang='lat' dir='ltr'><strong>vinum1)</strong></span> <span class='ocrx_word' id='word_1_176' title='bbox 1404 2355 1405 2360; x_wconf 19' lang='grc' dir='ltr'>η</span> 
     </span>
     <span class='ocr_line' id='line_1_24' title="bbox 128 2388 1259 2490; baseline -0.002 -34"><span class='ocrx_word' id='word_1_177' title='bbox 128 2469 137 2490; x_wconf 44' lang='grc' dir='ltr'><strong><em>Ι</em></strong></span> <span class='ocrx_word' id='word_1_178' title='bbox 203 2389 236 2456; x_wconf 82' lang='grc' dir='ltr'><strong>ἰιι</strong></span> <span class='ocrx_word' id='word_1_179' title='bbox 258 2391 528 2454; x_wconf 89' lang='lat' dir='ltr'><strong>consecrationem</strong></span> <span class='ocrx_word' id='word_1_180' title='bbox 550 2389 713 2472; x_wconf 86' lang='lat' dir='ltr'><strong>sanguinis</strong></span> <span class='ocrx_word' id='word_1_181' title='bbox 734 2389 854 2451; x_wconf 81' lang='lat' dir='ltr'><strong>Christi</strong></span> <span class='ocrx_word' id='word_1_182' title='bbox 875 2388 986 2452; x_wconf 84' lang='lat' dir='ltr'><strong>offerre</strong></span> <span class='ocrx_word' id='word_1_183' title='bbox 1006 2394 1259 2472; x_wconf 85' lang='lat' dir='ltr'><strong>praesumpserit</strong></span> 
     </span>
    </p>
   </div>
   <div class='ocr_carea' id='block_1_10' title="bbox 110 2505 1405 2932">
    <p class='ocr_par' dir='ltr' id='par_1_12' title="bbox 224 2505 1405 2762">
     <span class='ocr_line' id='line_1_25' title="bbox 224 2505 1405 2598; baseline 0.004 -27"><span class='ocrx_word' id='word_1_184' title='bbox 224 2509 281 2576; x_wconf 76' lang='lat' dir='ltr'><strong>lX.</strong></span> <span class='ocrx_word' id='word_1_185' title='bbox 313 2505 366 2578; x_wconf 85' lang='lat' dir='ltr'><strong>Nc</strong></span> <span class='ocrx_word' id='word_1_186' title='bbox 387 2506 476 2572; x_wconf 83' lang='lat' dir='ltr'><strong>chorr&#39;</strong></span> <span class='ocrx_word' id='word_1_187' title='bbox 495 2513 529 2570; x_wconf 81' lang='lat' dir='ltr'><strong>et</strong></span> <span class='ocrx_word' id='word_1_188' title='bbox 549 2507 677 2570; x_wconf 75' lang='lat' dir='ltr'><strong>corotico</strong></span> <span class='ocrx_word' id='word_1_189' title='bbox 696 2506 873 2590; x_wconf 80' lang='lat' dir='ltr'><strong>puellarum</strong></span> <span class='ocrx_word' id='word_1_190' title='bbox 892 2529 951 2572; x_wconf 84' lang='lat' dir='ltr'><strong>uec</strong></span> <span class='ocrx_word' id='word_1_191' title='bbox 973 2511 1119 2574; x_wconf 79' lang='lat' dir='ltr'><strong>conuiuio</strong></span> <span class='ocrx_word' id='word_1_192' title='bbox 1142 2513 1179 2573; x_wconf 82' lang='lat' dir='ltr'><strong>in</strong></span> <span class='ocrx_word' id='word_1_193' title='bbox 1200 2509 1338 2575; x_wconf 78' lang='lat' dir='ltr'><strong>eeclesia</strong></span> <span class='ocrx_word' id='word_1_194' title='bbox 1404 2511 1405 2598; x_wconf 66' lang='lat' dir='ltr'><strong>l</strong></span> 
     </span>
     <span class='ocr_line' id='line_1_26' title="bbox 336 2595 1405 2676; baseline 0.003 -22"><span class='ocrx_word' id='word_1_195' title='bbox 336 2604 340 2622; x_wconf 93' lang='lat'>&#39;</span> <span class='ocrx_word' id='word_1_196' title='bbox 654 2595 897 2676; x_wconf 70' lang='lat' dir='ltr'><strong>promittantur.</strong></span> <span class='ocrx_word' id='word_1_197' title='bbox 1075 2597 1078 2612; x_wconf 90' lang='grc'><strong>’</strong></span> <span class='ocrx_word' id='word_1_198' title='bbox 1404 2643 1405 2670; x_wconf 43' lang='lat' dir='ltr'><strong>q</strong></span> 
     </span>
     <span class='ocr_line' id='line_1_27' title="bbox 287 2677 1405 2762; baseline 0.001 -18"><span class='ocrx_word' id='word_1_199' title='bbox 287 2681 362 2744; x_wconf 90' lang='lat' dir='ltr'><strong>Non</strong></span> <span class='ocrx_word' id='word_1_200' title='bbox 394 2680 471 2742; x_wconf 90' lang='lat' dir='ltr'><strong>licet</strong></span> <span class='ocrx_word' id='word_1_201' title='bbox 501 2677 533 2739; x_wconf 91' lang='lat' dir='ltr'><strong>in</strong></span> <span class='ocrx_word' id='word_1_202' title='bbox 566 2677 705 2740; x_wconf 89' lang='lat' dir='ltr'><strong>ecclesia</strong></span> <span class='ocrx_word' id='word_1_203' title='bbox 731 2679 844 2741; x_wconf 90' lang='lat' dir='ltr'><strong>choros</strong></span> <span class='ocrx_word' id='word_1_204' title='bbox 871 2679 1077 2741; x_wconf 86' lang='lat' dir='ltr'><strong>saecularium</strong></span> <span class='ocrx_word' id='word_1_205' title='bbox 1104 2679 1156 2744; x_wconf 84' lang='lat' dir='ltr'><strong>uel</strong></span> <span class='ocrx_word' id='word_1_206' title='bbox 1184 2681 1356 2762; x_wconf 85' lang='lat' dir='ltr'><strong>puellarum</strong></span> <span class='ocrx_word' id='word_1_207' title='bbox 1404 2677 1405 2686; x_wconf 69' lang='grc'>’</span> 
     </span>
    </p>

    <p class='ocr_par' dir='ltr' id='par_1_13' title="bbox 110 2764 1405 3010">
     <span class='ocr_line' id='line_1_28' title="bbox 110 2764 1358 2850; baseline 0.002 -22"><span class='ocrx_word' id='word_1_208' title='bbox 110 2809 115 2814; x_wconf 77' lang='lat'><em>,</em></span> <span class='ocrx_word' id='word_1_209' title='bbox 204 2767 329 2836; x_wconf 86' lang='lat' dir='ltr'><strong>cantica</strong></span> <span class='ocrx_word' id='word_1_210' title='bbox 357 2783 526 2843; x_wconf 84' lang='lat' dir='ltr'><strong>exercere,</strong></span> <span class='ocrx_word' id='word_1_211' title='bbox 561 2779 624 2825; x_wconf 90' lang='lat' dir='ltr'><strong>nee</strong></span> <span class='ocrx_word' id='word_1_212' title='bbox 651 2764 797 2826; x_wconf 85' lang='lat' dir='ltr'><strong>convivia</strong></span> <span class='ocrx_word' id='word_1_213' title='bbox 823 2764 856 2825; x_wconf 91' lang='lat' dir='ltr'><strong>in</strong></span> <span class='ocrx_word' id='word_1_214' title='bbox 884 2765 1022 2826; x_wconf 83' lang='lat' dir='ltr'><strong>eeclesia</strong></span> <span class='ocrx_word' id='word_1_215' title='bbox 1048 2785 1254 2848; x_wconf 86' lang='lat' dir='ltr'><strong>praeparare,</strong></span> <span class='ocrx_word' id='word_1_216' title='bbox 1282 2772 1358 2850; x_wconf 91' lang='lat' dir='ltr'><strong>quia</strong></span> 
     </span>
     <span class='ocr_line' id='line_1_29' title="bbox 205 2847 1244 2932; baseline -0.002 -16"><span class='ocrx_word' id='word_1_217' title='bbox 205 2853 357 2932; x_wconf 79' lang='lat' dir='ltr'><strong>scriptum</strong></span> <span class='ocrx_word' id='word_1_218' title='bbox 379 2857 450 2912; x_wconf 84' lang='lat' dir='ltr'><strong>est:</strong></span> <span class='ocrx_word' id='word_1_219' title='bbox 479 2847 600 2910; x_wconf 80' lang='lat' dir='ltr'><strong>Domus</strong></span> <span class='ocrx_word' id='word_1_220' title='bbox 620 2869 692 2916; x_wconf 83' lang='lat' dir='ltr'><strong>mec</strong></span> <span class='ocrx_word' id='word_1_221' title='bbox 712 2848 821 2912; x_wconf 73' lang='lat' dir='ltr'><strong>domem</strong></span> <span class='ocrx_word' id='word_1_222' title='bbox 843 2851 999 2912; x_wconf 80' lang='lat' dir='ltr'><strong>orationis</strong></span> <span class='ocrx_word' id='word_1_223' title='bbox 1021 2851 1187 2928; x_wconf 74' lang='lat' dir='ltr'><strong>deraditur</strong></span> <span class='ocrx_word' id='word_1_224' title='bbox 1200 2851 1244 2932; x_wconf 82' lang='lat'><strong>²).</strong></span> 
     </span>
    </p>
   </div>
   <div class='ocr_carea' id='block_1_11' title="bbox 247 2964 1405 3118">
    <p class='ocr_par' dir='ltr' id='par_1_14' title="bbox 247 2964 1405 3118">
     <span class='ocr_line' id='line_1_30' title="bbox 247 2964 1405 3051; baseline 0.003 -19"><span class='ocrx_word' id='word_1_225' title='bbox 247 2969 291 3032; x_wconf 88' lang='lat' dir='ltr'><strong>X.</strong></span> <span class='ocrx_word' id='word_1_226' title='bbox 330 2965 383 3036; x_wconf 79' lang='lat' dir='ltr'><strong>Ne</strong></span> <span class='ocrx_word' id='word_1_227' title='bbox 404 2969 441 3032; x_wconf 69' lang='grc' dir='ltr'><strong>ἐτι</strong></span> <span class='ocrx_word' id='word_1_228' title='bbox 461 2966 563 3034; x_wconf 74' lang='lat' dir='ltr'><strong>altari</strong></span> <span class='ocrx_word' id='word_1_229' title='bbox 582 2964 638 3034; x_wconf 76' lang='lat' dir='ltr'><strong>oli</strong></span> <span class='ocrx_word' id='word_1_230' title='bbox 659 2967 822 3048; x_wconf 80' lang='lat' dir='ltr'><strong>epiecopus</strong></span> <span class='ocrx_word' id='word_1_231' title='bbox 841 2969 958 3029; x_wconf 76' lang='lat' dir='ltr'><strong>missua</strong></span> <span class='ocrx_word' id='word_1_232' title='bbox 977 2967 1063 3030; x_wconf 68' lang='lat' dir='ltr'><strong>diua</strong></span> <span class='ocrx_word' id='word_1_233' title='bbox 1076 2969 1243 3051; x_wconf 75' lang='lat' dir='ltr'><strong>presbyter</strong></span> <span class='ocrx_word' id='word_1_234' title='bbox 1262 2969 1325 3034; x_wconf 70' lang='lat' dir='ltr'><strong>illa</strong></span> <span class='ocrx_word' id='word_1_235' title='bbox 1404 3021 1405 3044; x_wconf 36' lang='lat'>1</span> 
     </span>
     <span class='ocr_line' id='line_1_31' title="bbox 624 3050 933 3118; baseline 0.01 -7"><span class='ocrx_word' id='word_1_236' title='bbox 624 3050 679 3114; x_wconf 81' lang='lat' dir='ltr'><strong>die</strong></span> <span class='ocrx_word' id='word_1_237' title='bbox 699 3052 812 3118; x_wconf 77' lang='lat' dir='ltr'><strong>missua</strong></span> <span class='ocrx_word' id='word_1_238' title='bbox 831 3052 933 3115; x_wconf 65' lang='lat' dir='ltr'><strong>&#39;dicut</strong></span> 
     </span>
    </p>
   </div>
   <div class='ocr_carea' id='block_1_12' title="bbox 203 3133 1405 3308">
    <p class='ocr_par' dir='ltr' id='par_1_15' title="bbox 203 3103 1405 3308">
     <span class='ocr_line' id='line_1_32' title="bbox 288 3133 1358 3221; baseline 0.006 -26"><span class='ocrx_word' id='word_1_239' title='bbox 288 3135 363 3198; x_wconf 91' lang='lat' dir='ltr'><strong>Nou</strong></span> <span class='ocrx_word' id='word_1_240' title='bbox 382 3134 458 3194; x_wconf 91' lang='lat' dir='ltr'><strong>licet</strong></span> <span class='ocrx_word' id='word_1_241' title='bbox 479 3152 574 3212; x_wconf 88' lang='lat' dir='ltr'><strong>super</strong></span> <span class='ocrx_word' id='word_1_242' title='bbox 594 3152 656 3193; x_wconf 91' lang='lat' dir='ltr'><strong>uno</strong></span> <span class='ocrx_word' id='word_1_243' title='bbox 678 3135 786 3198; x_wconf 80' lang='lat' dir='ltr'><strong>altario</strong></span> <span class='ocrx_word' id='word_1_244' title='bbox 807 3135 840 3198; x_wconf 92' lang='lat' dir='ltr'><strong>in</strong></span> <span class='ocrx_word' id='word_1_245' title='bbox 861 3156 923 3216; x_wconf 79' lang='lat' dir='ltr'><strong>una</strong></span> <span class='ocrx_word' id='word_1_246' title='bbox 945 3133 995 3200; x_wconf 88' lang='lat' dir='ltr'><strong>die</strong></span> <span class='ocrx_word' id='word_1_247' title='bbox 1018 3133 1097 3204; x_wconf 81' lang='lat' dir='ltr'><strong>duas</strong></span> <span class='ocrx_word' id='word_1_248' title='bbox 1110 3138 1227 3204; x_wconf 84' lang='lat' dir='ltr'><strong>missas</strong></span> <span class='ocrx_word' id='word_1_249' title='bbox 1241 3138 1358 3221; x_wconf 85' lang='lat' dir='ltr'><strong>dicere,</strong></span> 
     </span>
     <span class='ocr_line' id='line_1_33' title="bbox 203 3214 1405 3308; baseline 0.005 -23"><span class='ocrx_word' id='word_1_250' title='bbox 203 3229 266 3285; x_wconf 80' lang='lat' dir='ltr'><strong>nec&#39;</strong></span> <span class='ocrx_word' id='word_1_251' title='bbox 285 3219 317 3280; x_wconf 88' lang='lat' dir='ltr'><strong>in</strong></span> <span class='ocrx_word' id='word_1_252' title='bbox 338 3217 446 3279; x_wconf 89' lang='lat' dir='ltr'><strong>altario</strong></span> <span class='ocrx_word' id='word_1_253' title='bbox 468 3214 521 3278; x_wconf 90' lang='lat' dir='ltr'><strong>ubi</strong></span> <span class='ocrx_word' id='word_1_254' title='bbox 543 3215 713 3298; x_wconf 86' lang='lat' dir='ltr'><strong>episeopus</strong></span> <span class='ocrx_word' id='word_1_255' title='bbox 734 3221 849 3302; x_wconf 78' lang='lat' dir='ltr'><strong>missas</strong></span> <span class='ocrx_word' id='word_1_256' title='bbox 871 3219 992 3303; x_wconf 85' lang='lat' dir='ltr'><strong>dixerit,</strong></span> <span class='ocrx_word' id='word_1_257' title='bbox 1009 3230 1043 3284; x_wconf 89' lang='lat' dir='ltr'><strong>ut</strong></span> <span class='ocrx_word' id='word_1_258' title='bbox 1063 3225 1230 3308; x_wconf 86' lang='lat' dir='ltr'><strong>presbyter</strong></span> <span class='ocrx_word' id='word_1_259' title='bbox 1252 3227 1359 3290; x_wconf 83' lang='lat' dir='ltr'><strong>imilla</strong></span> <span class='ocrx_word' id='word_1_260' title='bbox 1404 3231 1405 3234; x_wconf 72' lang='grc'>’</span> 
     </span>
    </p>
   </div>
   <div class='ocr_carea' id='block_1_13' title="bbox 206 3301 510 3372">
    <p class='ocr_par' dir='ltr' id='par_1_16' title="bbox 206 3301 510 3372">
     <span class='ocr_line' id='line_1_34' title="bbox 206 3301 510 3372; baseline -0.023 0"><span class='ocrx_word' id='word_1_261' title='bbox 206 3305 259 3372; x_wconf 89' lang='lat' dir='ltr'><strong>die</strong></span> <span class='ocrx_word' id='word_1_262' title='bbox 278 3303 395 3368; x_wconf 84' lang='lat' dir='ltr'><strong>missas</strong></span> <span class='ocrx_word' id='word_1_263' title='bbox 416 3301 510 3366; x_wconf 89' lang='lat' dir='ltr'><strong>dicat.</strong></span> 
     </span>
    </p>
   </div>
   <div class='ocr_carea' id='block_1_14' title="bbox 155 3417 1405 3826">
    <p class='ocr_par' dir='ltr' id='par_1_17' title="bbox 233 3417 1330 3510">
     <span class='ocr_line' id='line_1_35' title="bbox 233 3417 1330 3510; baseline 0.003 -22"><span class='ocrx_word' id='word_1_264' title='bbox 233 3425 289 3488; x_wconf 82' lang='lat' dir='ltr'><strong>xl.</strong></span> <span class='ocrx_word' id='word_1_265' title='bbox 331 3421 383 3485; x_wconf 84' lang='lat' dir='ltr'><strong>De</strong></span> <span class='ocrx_word' id='word_1_266' title='bbox 405 3421 530 3503; x_wconf 79' lang='lat' dir='ltr'><strong>uigiliis</strong></span> <span class='ocrx_word' id='word_1_267' title='bbox 545 3417 703 3503; x_wconf 79' lang='lat' dir='ltr'><strong>paschae,</strong></span> <span class='ocrx_word' id='word_1_268' title='bbox 724 3421 846 3510; x_wconf 76' lang='lat' dir='ltr'><strong>natulis</strong></span> <span class='ocrx_word' id='word_1_269' title='bbox 868 3430 901 3484; x_wconf 81' lang='lat' dir='ltr'><strong>ct</strong></span> <span class='ocrx_word' id='word_1_270' title='bbox 923 3421 1061 3488; x_wconf 83' lang='lat' dir='ltr'><strong>oliorum</strong></span> <span class='ocrx_word' id='word_1_271' title='bbox 1080 3425 1330 3491; x_wconf 79' lang='lat' dir='ltr'><strong>solemnitatum.</strong></span> 
     </span>
    </p>

    <p class='ocr_par' dir='ltr' id='par_1_18' title="bbox 155 3507 1405 3826">
     <span class='ocr_line' id='line_1_36' title="bbox 288 3507 1405 3588; baseline 0.005 -18"><span class='ocrx_word' id='word_1_272' title='bbox 288 3508 362 3570; x_wconf 88' lang='lat' dir='ltr'><strong>Non</strong></span> <span class='ocrx_word' id='word_1_273' title='bbox 382 3507 465 3580; x_wconf 84' lang='lat' dir='ltr'><strong>licet</strong></span> <span class='ocrx_word' id='word_1_274' title='bbox 478 3507 510 3567; x_wconf 91' lang='lat' dir='ltr'><strong>in</strong></span> <span class='ocrx_word' id='word_1_275' title='bbox 530 3507 642 3588; x_wconf 85' lang='lat' dir='ltr'><strong>vigilia</strong></span> <span class='ocrx_word' id='word_1_276' title='bbox 661 3507 800 3586; x_wconf 84' lang='lat' dir='ltr'><strong>paschae</strong></span> <span class='ocrx_word' id='word_1_277' title='bbox 827 3515 901 3574; x_wconf 87' lang='lat' dir='ltr'><strong>aute</strong></span> <span class='ocrx_word' id='word_1_278' title='bbox 928 3509 1034 3571; x_wconf 82' lang='lat' dir='ltr'><strong>horam</strong></span> <span class='ocrx_word' id='word_1_279' title='bbox 1062 3513 1233 3583; x_wconf 82' lang='lat' dir='ltr'><strong>secundam</strong></span> <span class='ocrx_word' id='word_1_280' title='bbox 1254 3511 1358 3576; x_wconf 77' lang='lat' dir='ltr'><strong>noctis</strong></span> <span class='ocrx_word' id='word_1_281' title='bbox 1404 3529 1405 3540; x_wconf 61' lang='lat'>¹</span> 
     </span>
     <span class='ocr_line' id='line_1_37' title="bbox 155 3589 1405 3677; baseline 0.01 -23"><span class='ocrx_word' id='word_1_282' title='bbox 155 3646 161 3654; x_wconf 87' lang='grc'><em>,</em></span> <span class='ocrx_word' id='word_1_283' title='bbox 203 3593 329 3677; x_wconf 83' lang='lat' dir='ltr'><strong>vigilias</strong></span> <span class='ocrx_word' id='word_1_284' title='bbox 350 3591 553 3672; x_wconf 87' lang='lat' dir='ltr'><strong>perexplere,</strong></span> <span class='ocrx_word' id='word_1_285' title='bbox 572 3591 663 3672; x_wconf 86' lang='lat' dir='ltr'><strong>&#39;quia</strong></span> <span class='ocrx_word' id='word_1_286' title='bbox 687 3589 719 3653; x_wconf 85' lang='lat' dir='ltr'><strong>in</strong></span> <span class='ocrx_word' id='word_1_287' title='bbox 747 3592 799 3652; x_wconf 90' lang='lat' dir='ltr'><strong>illa</strong></span> <span class='ocrx_word' id='word_1_288' title='bbox 826 3602 921 3654; x_wconf 89' lang='lat' dir='ltr'><strong>nocte</strong></span> <span class='ocrx_word' id='word_1_289' title='bbox 948 3613 1010 3670; x_wconf 88' lang='lat' dir='ltr'><strong>non</strong></span> <span class='ocrx_word' id='word_1_290' title='bbox 1031 3591 1107 3658; x_wconf 90' lang='lat' dir='ltr'><strong>licet</strong></span> <span class='ocrx_word' id='word_1_291' title='bbox 1128 3606 1202 3676; x_wconf 81' lang='lat' dir='ltr'><strong>post</strong></span> <span class='ocrx_word' id='word_1_292' title='bbox 1223 3597 1356 3662; x_wconf 90' lang='lat' dir='ltr'><strong>mediam</strong></span> <span class='ocrx_word' id='word_1_293' title='bbox 1404 3651 1405 3666; x_wconf 41' lang='lat' dir='ltr'><strong>r</strong></span> 
     </span>
     <span class='ocr_line' id='line_1_38' title="bbox 204 3675 1405 3766; baseline 0.003 -25"><span class='ocrx_word' id='word_1_294' title='bbox 204 3687 329 3744; x_wconf 87' lang='lat' dir='ltr'><strong>noctem</strong></span> <span class='ocrx_word' id='word_1_295' title='bbox 349 3675 499 3756; x_wconf 66' lang='lat' dir='ltr'><strong>biberei)</strong></span> <span class='ocrx_word' id='word_1_296' title='bbox 525 3693 587 3740; x_wconf 89' lang='lat' dir='ltr'><strong>nec</strong></span> <span class='ocrx_word' id='word_1_297' title='bbox 612 3677 644 3738; x_wconf 92' lang='lat' dir='ltr'><strong>in</strong></span> <span class='ocrx_word' id='word_1_298' title='bbox 664 3677 760 3740; x_wconf 89' lang='lat' dir='ltr'><strong>natali</strong></span> <span class='ocrx_word' id='word_1_299' title='bbox 780 3676 894 3740; x_wconf 90' lang='lat' dir='ltr'><strong>domini</strong></span> <span class='ocrx_word' id='word_1_300' title='bbox 914 3678 1029 3742; x_wconf 88' lang='lat' dir='ltr'><strong>necin</strong></span> <span class='ocrx_word' id='word_1_301' title='bbox 1051 3678 1177 3766; x_wconf 85' lang='lat' dir='ltr'><strong>reliquis</strong></span> <span class='ocrx_word' id='word_1_302' title='bbox 1199 3685 1353 3744; x_wconf 86' lang='lat' dir='ltr'><strong>solemni·</strong></span> <span class='ocrx_word' id='word_1_303' title='bbox 1404 3695 1405 3706; x_wconf 61' lang='lat'>¹</span> 
     </span>
     <span class='ocr_line' id='line_1_39' title="bbox 204 3763 332 3826; baseline 0 0"><span class='ocrx_word' id='word_1_304' title='bbox 204 3763 332 3826; x_wconf 87' lang='lat' dir='ltr'><strong>tatibus.</strong></span> 
     </span>
    </p>
   </div>
   <div class='ocr_carea' id='block_1_15' title="bbox 118 3846 1356 4196">
    <p class='ocr_par' dir='ltr' id='par_1_19' title="bbox 118 3846 1331 4026">
     <span class='ocr_line' id='line_1_40' title="bbox 118 3846 1331 3942; baseline 0.002 -17"><span class='ocrx_word' id='word_1_305' title='bbox 118 3867 121 3874; x_wconf 87' lang='lat'>&#39;</span> <span class='ocrx_word' id='word_1_306' title='bbox 239 3863 310 3925; x_wconf 73' lang='lat' dir='ltr'><strong>xil.</strong></span> <span class='ocrx_word' id='word_1_307' title='bbox 352 3859 404 3927; x_wconf 86' lang='lat' dir='ltr'><strong>Ne</strong></span> <span class='ocrx_word' id='word_1_308' title='bbox 423 3861 558 3923; x_wconf 79' lang='lat' dir='ltr'><strong>mortula</strong></span> <span class='ocrx_word' id='word_1_309' title='bbox 579 3859 775 3922; x_wconf 78' lang='lat' dir='ltr'><strong>eucharistie</strong></span> <span class='ocrx_word' id='word_1_310' title='bbox 796 3859 890 3942; x_wconf 82' lang='lat' dir='ltr'><strong>detur</strong></span> <span class='ocrx_word' id='word_1_311' title='bbox 908 3877 967 3922; x_wconf 86' lang='lat' dir='ltr'><strong>uec</strong></span> <span class='ocrx_word' id='word_1_312' title='bbox 989 3846 1126 3924; x_wconf 80' lang='lat' dir='ltr'><strong>osculu&#39;rrr</strong></span> <span class='ocrx_word' id='word_1_313' title='bbox 1146 3867 1181 3925; x_wconf 82' lang='lat' dir='ltr'><strong>et</strong></span> <span class='ocrx_word' id='word_1_314' title='bbox 1200 3883 1242 3926; x_wconf 86' lang='lat' dir='ltr'><strong>rre</strong></span> <span class='ocrx_word' id='word_1_315' title='bbox 1262 3865 1331 3928; x_wconf 84' lang='lat' dir='ltr'><strong>nelo</strong></span> 
     </span>
     <span class='ocr_line' id='line_1_41' title="bbox 148 3944 974 4026; baseline -0.002 -19"><span class='ocrx_word' id='word_1_316' title='bbox 148 3957 154 3965; x_wconf 83' lang='lat'><strong><em>‘</em></strong></span> <span class='ocrx_word' id='word_1_317' title='bbox 583 3945 634 4007; x_wconf 85' lang='lat' dir='ltr'><strong>uel</strong></span> <span class='ocrx_word' id='word_1_318' title='bbox 647 3945 741 4026; x_wconf 88' lang='lat' dir='ltr'><strong>pullu</strong></span> <span class='ocrx_word' id='word_1_319' title='bbox 761 3944 974 4006; x_wconf 77' lang='lat' dir='ltr'><strong>involvuntur.</strong></span> 
     </span>
    </p>

    <p class='ocr_par' dir='ltr' id='par_1_20' title="bbox 123 4029 1356 4196">
     <span class='ocr_line' id='line_1_42' title="bbox 185 4029 1356 4114; baseline 0.003 -21"><span class='ocrx_word' id='word_1_320' title='bbox 185 4077 190 4084; x_wconf 58' lang='grc'><strong>«</strong></span> <span class='ocrx_word' id='word_1_321' title='bbox 231 4071 237 4085; x_wconf 22' lang='grc' dir='ltr'><strong>«ι</strong></span> <span class='ocrx_word' id='word_1_322' title='bbox 291 4029 366 4093; x_wconf 82' lang='grc' dir='ltr'>Νοιι</span> <span class='ocrx_word' id='word_1_323' title='bbox 386 4029 463 4114; x_wconf 81' lang='lat' dir='ltr'><strong>lieet</strong></span> <span class='ocrx_word' id='word_1_324' title='bbox 483 4031 614 4104; x_wconf 81' lang='lat' dir='ltr'><strong>mortuis</strong></span> <span class='ocrx_word' id='word_1_325' title='bbox 634 4049 697 4094; x_wconf 90' lang='lat' dir='ltr'><strong>nec</strong></span> <span class='ocrx_word' id='word_1_326' title='bbox 717 4031 937 4098; x_wconf 86' lang='lat' dir='ltr'><strong>cucharistiam</strong></span> <span class='ocrx_word' id='word_1_327' title='bbox 952 4047 1013 4094; x_wconf 89' lang='lat' dir='ltr'><strong>nee</strong></span> <span class='ocrx_word' id='word_1_328' title='bbox 1033 4029 1173 4094; x_wconf 85' lang='lat' dir='ltr'><strong>osculum</strong></span> <span class='ocrx_word' id='word_1_329' title='bbox 1191 4029 1282 4114; x_wconf 86' lang='lat' dir='ltr'><strong>tradi,</strong></span> <span class='ocrx_word' id='word_1_330' title='bbox 1298 4051 1356 4096; x_wconf 89' lang='lat' dir='ltr'><strong>nee</strong></span> 
     </span>
     <span class='ocr_line' id='line_1_43' title="bbox 123 4115 888 4196; baseline -0.004 -16"><span class='ocrx_word' id='word_1_331' title='bbox 123 4138 130 4147; x_wconf 75' lang='lat'><strong><em>‘</em></strong></span> <span class='ocrx_word' id='word_1_332' title='bbox 205 4117 279 4180; x_wconf 87' lang='lat' dir='ltr'><strong>velo</strong></span> <span class='ocrx_word' id='word_1_333' title='bbox 299 4115 351 4178; x_wconf 88' lang='lat' dir='ltr'><strong>vel</strong></span> <span class='ocrx_word' id='word_1_334' title='bbox 373 4115 465 4193; x_wconf 89' lang='lat' dir='ltr'><strong>pallis</strong></span> <span class='ocrx_word' id='word_1_335' title='bbox 486 4134 616 4196; x_wconf 88' lang='lat' dir='ltr'><strong>corpora</strong></span> <span class='ocrx_word' id='word_1_336' title='bbox 636 4135 742 4180; x_wconf 87' lang='lat' dir='ltr'><strong>eorum</strong></span> <span class='ocrx_word' id='word_1_337' title='bbox 762 4115 888 4188; x_wconf 67' lang='lat' dir='ltr'><strong>involvi.</strong></span> 
     </span>
    </p>
   </div>
   <div class='ocr_carea' id='block_1_16' title="bbox 229 4229 1298 4402">
    <p class='ocr_par' dir='ltr' id='par_1_21' title="bbox 229 4229 1298 4402">
     <span class='ocr_line' id='line_1_44' title="bbox 229 4229 1237 4316; baseline 0.008 -24"><span class='ocrx_word' id='word_1_338' title='bbox 229 4297 230 4302; x_wconf 8' lang='grc' dir='ltr'>γ</span> <span class='ocrx_word' id='word_1_339' title='bbox 338 4229 423 4292; x_wconf 89' lang='lat' dir='ltr'><strong>Xlll.</strong></span> <span class='ocrx_word' id='word_1_340' title='bbox 470 4229 513 4292; x_wconf 82' lang='lat' dir='ltr'><strong>Ut</strong></span> <span class='ocrx_word' id='word_1_341' title='bbox 533 4232 687 4296; x_wconf 72' lang='lat' dir='ltr'><strong>diacouem</strong></span> <span class='ocrx_word' id='word_1_342' title='bbox 704 4233 802 4316; x_wconf 80' lang='lat' dir='ltr'><strong>pollis</strong></span> <span class='ocrx_word' id='word_1_343' title='bbox 823 4231 969 4314; x_wconf 80' lang='lat' dir='ltr'><strong>scopulos</strong></span> <span class='ocrx_word' id='word_1_344' title='bbox 988 4251 1052 4294; x_wconf 85' lang='lat' dir='ltr'><strong>uon</strong></span> <span class='ocrx_word' id='word_1_345' title='bbox 1072 4232 1237 4300; x_wconf 70' lang='lat' dir='ltr'><strong>inuoluat,</strong></span> 
     </span>
     <span class='ocr_line' id='line_1_45' title="bbox 292 4313 1298 4402; baseline -0.001 -23"><span class='ocrx_word' id='word_1_346' title='bbox 292 4316 367 4379; x_wconf 84' lang='lat' dir='ltr'><strong>Nan</strong></span> <span class='ocrx_word' id='word_1_347' title='bbox 387 4316 463 4382; x_wconf 87' lang='lat' dir='ltr'><strong>lieet</strong></span> <span class='ocrx_word' id='word_1_348' title='bbox 483 4313 615 4379; x_wconf 87' lang='lat' dir='ltr'><strong>diacono</strong></span> <span class='ocrx_word' id='word_1_349' title='bbox 635 4319 708 4380; x_wconf 80' lang='lat' dir='ltr'><strong>velo</strong></span> <span class='ocrx_word' id='word_1_350' title='bbox 729 4319 783 4382; x_wconf 88' lang='lat' dir='ltr'><strong>vel</strong></span> <span class='ocrx_word' id='word_1_351' title='bbox 802 4317 885 4400; x_wconf 90' lang='lat' dir='ltr'><strong>palla</strong></span> <span class='ocrx_word' id='word_1_352' title='bbox 905 4319 1053 4402; x_wconf 85' lang='lat' dir='ltr'><strong>scapulas</strong></span> <span class='ocrx_word' id='word_1_353' title='bbox 1073 4335 1150 4380; x_wconf 89' lang='lat' dir='ltr'><strong>suas</strong></span> <span class='ocrx_word' id='word_1_354' title='bbox 1171 4317 1298 4380; x_wconf 84' lang='lat' dir='ltr'><strong>involvi.</strong></span> 
     </span>
    </p>
   </div>
   <div class='ocr_carea' id='block_1_17' title="bbox 219 4510 1323 4672">
    <p class='ocr_par' dir='ltr' id='par_1_22' title="bbox 219 4510 1323 4676">
     <span class='ocr_line' id='line_1_46' title="bbox 219 4510 1323 4602; baseline 0.004 -19"><span class='ocrx_word' id='word_1_355' title='bbox 219 4510 278 4596; x_wconf 51' lang='grc'><strong>’1)</strong></span> <span class='ocrx_word' id='word_1_356' title='bbox 298 4527 412 4582; x_wconf 82' lang='lat' dir='ltr'><strong>Quidam</strong></span> <span class='ocrx_word' id='word_1_357' title='bbox 438 4545 499 4584; x_wconf 80' lang='lat' dir='ltr'><strong>mss.</strong></span> <span class='ocrx_word' id='word_1_358' title='bbox 523 4539 636 4602; x_wconf 83' lang='lat' dir='ltr'><strong>ottoque</strong></span> <span class='ocrx_word' id='word_1_359' title='bbox 661 4539 736 4588; x_wconf 85' lang='lat' dir='ltr'><strong>loco:</strong></span> <span class='ocrx_word' id='word_1_360' title='bbox 767 4546 866 4600; x_wconf 50' lang='lat' dir='ltr'><strong>eumue,</strong></span> <span class='ocrx_word' id='word_1_361' title='bbox 880 4547 954 4598; x_wconf 77' lang='lat' dir='ltr'><strong>erno,</strong></span> <span class='ocrx_word' id='word_1_362' title='bbox 978 4535 1032 4592; x_wconf 69' lang='lat' dir='ltr'><strong>ult&amp;</strong></span> <span class='ocrx_word' id='word_1_363' title='bbox 1047 4545 1138 4597; x_wconf 77' lang='lat' dir='ltr'><strong>eoaque</strong></span> <span class='ocrx_word' id='word_1_364' title='bbox 1159 4543 1252 4588; x_wconf 81' lang='lat' dir='ltr'><strong>nmmo.</strong></span> <span class='ocrx_word' id='word_1_365' title='bbox 1288 4563 1323 4573; x_wconf 97' lang='lat'><em>-</em></span> 
     </span>
     <span class='ocr_line' id='line_1_47' title="bbox 248 4596 1321 4672; baseline -0.007 -8"><span class='ocrx_word' id='word_1_366' title='bbox 248 4596 460 4665; x_wconf 83' lang='lat' dir='ltr'><strong>²)Mattn·.21,</strong></span> <span class='ocrx_word' id='word_1_367' title='bbox 479 4604 522 4654; x_wconf 83' lang='lat'><strong>13.</strong></span> <span class='ocrx_word' id='word_1_368' title='bbox 563 4631 598 4641; x_wconf 85' lang='lat'><strong>—-</strong></span> <span class='ocrx_word' id='word_1_369' title='bbox 648 4607 678 4672; x_wconf 71' lang='lat'><strong>³)</strong></span> <span class='ocrx_word' id='word_1_370' title='bbox 694 4623 740 4658; x_wconf 83' lang='lat' dir='ltr'><strong>uec</strong></span> <span class='ocrx_word' id='word_1_371' title='bbox 757 4617 906 4662; x_wconf 82' lang='lat' dir='ltr'><strong>raouducarc</strong></span> <span class='ocrx_word' id='word_1_372' title='bbox 923 4607 982 4658; x_wconf 86' lang='lat' dir='ltr'><strong>odd.</strong></span> <span class='ocrx_word' id='word_1_373' title='bbox 1000 4607 1067 4672; x_wconf 86' lang='lat' dir='ltr'><strong>Reg.</strong></span> <span class='ocrx_word' id='word_1_374' title='bbox 1085 4607 1124 4671; x_wconf 87' lang='lat' dir='ltr'><strong>E,</strong></span> <span class='ocrx_word' id='word_1_375' title='bbox 1138 4605 1201 4657; x_wconf 75' lang='lat' dir='ltr'><strong>&#39;lea</strong></span> <span class='ocrx_word' id='word_1_376' title='bbox 1220 4605 1252 4656; x_wconf 85' lang='lat' dir='ltr'><strong>C.</strong></span> <span class='ocrx_word' id='word_1_377' title='bbox 1287 4633 1321 4643; x_wconf 91' lang='lat'><em>—</em></span> 
     </span>
    </p>
   </div>
   <div class='ocr_carea' id='block_1_18' title="bbox 0 0 1440 5042">
    <p class='ocr_par' dir='ltr' id='par_1_23' title="bbox 0 0 1440 5042">
     <span class='ocr_line' id='line_1_48' title="bbox 0 0 1440 5042; baseline 0 0"><span class='ocrx_word' id='word_1_378' title='bbox 0 0 1440 5042; x_wconf 95' lang='lat' dir='ltr'><strong> </strong></span> 
     </span>
    </p>
   </div>
  </div>
 </body>
</html>
