2864 5042
203 247 271 316 m
474 241 716 314 concurrit!
743 242 1083 314 noromdsmsn

433 415 502 480 Vll.
546 414 750 482 &maniacus
770 437 791 479 u
812 415 895 480 clerc
916 417 1121 499 dejiciendus.

290 499 455 566 Sancitum
485 509 539 566 est
570 511 668 586 atque
697 502 882 564 omnimodis
913 503 1120 586 prohibitum,
1157 509 1194 565 ut
1225 504 1257 566 si
1290 505 1374 584 quis

204 588 370 672 presbyter
391 588 539 652 inventus
560 588 653 652 luerit
673 588 765 652 alicui
791 586 906 650 clerico
935 596 991 651 sut
1015 589 1096 650 laico
1123 605 1256 650 munera
1283 591 1373 652 dare

205 683 261 740 aut
280 673 410 749 dcdhse
429 681 487 747 aut
506 673 641 754 aliquam
660 673 825 753 pecuniam
847 673 995 754 tribuere,
1016 681 1052 736 ut
1071 673 1202 739 alterius
1222 676 1373 756 presby-

205 762 266 824 teri
287 759 454 823 ecclesiam
476 755 621 840 surripiat
641 758 887 838 autecelesiam
905 765 1073 822 vacantem
1092 760 1193 838 pretio
1215 757 1371 838 redimat,

204 865 261 938 pro
288 845 350 908 hac
377 839 549 926 cupiditate
576 861 635 908 seu
659 843 766 926 rapina
791 862 850 906 seu
877 841 1127 924 praesumptione
1152 843 1257 926 turpis
1286 843 1371 908 lucri
1415 859 1416 924 l

208 931 311 1018 gratia
332 927 487 1010 dijicintur
507 947 527 992 a
547 928 629 990 clero
653 934 685 990 et
706 928 827 992 alienus
849 925 965 993 existat
986 947 1006 992 a
1024 926 1142 1012 regula.
1415 929 1416 948 l

322 1047 410 1112 Vill.
427 1048 541 1132 Ignari
556 1046 665 1112 clerici
679 1047 949 1113 administretur
961 1067 1025 1111 narr
1039 1046 1249 1110 adrnittcrrds‘.

292 1133 469 1198 satuimus
488 1133 660 1199 secundum
675 1135 857 1198 monnicam
876 1134 1032 1196 cautelam
1052 1151 1165 1196 omnes
1183 1132 1366 1196 undeenm-

206 1239 269 1304 que
290 1220 553 1302 supervenientes
572 1220 700 1302 ignotos
721 1221 890 1300 episcopos
903 1219 957 1280 vel
977 1219 1180 1301 presbyteros
1194 1229 1273 1281 aute
1288 1239 1370 1299 pro-

205 1307 363 1370 bationem
379 1305 562 1388 synodalem
576 1306 608 1368 in
624 1305 877 1368 ecclesiasticum
890 1303 1092 1367 ministerium
1106 1323 1171 1366 non
1184 1305 1370 1366 admittere.

237 1424 293 1489 IX.
340 1421 383 1486 Ut
404 1443 505 1507 respue
526 1423 642 1485 oiducc
664 1441 766 1568 crepulo
778 1422 908 1574 puellae
929 1424 1071 1508 virgines
1091 1442 1112 1484 u
1127 1423 1331 1504 presbyteris

706 1525 795 1571 ceco
811 1528 858 1571 ur.
979 1523 984 1540 ·

213 1609 216 1617 ’
289 1591 453 1657 statutum
473 1601 525 1657 est
543 1593 658 1660 vidum
678 1611 740 1656 non
761 1591 877 1656 debere
896 1593 1012 1676 velari3
1036 1593 1128 1657 simul
1150 1599 1187 1656 et
1207 1593 1273 1660 hoc
1295 1603 1367 1659 sta-

206 1686 308 1744 tutum
336 1685 389 1742 est
415 1687 454 1742 ut
484 1679 513 1744 si
539 1677 692 1762 quispiam
719 1681 969 1762 presbyterorum
991 1675 1141 1760 deinceps
1162 1679 1263 1764 hujus
1285 1702 1367 1745 con-

204 1766 377 1832 stitutionis
403 1782 530 1828 normae
556 1764 781 1828 contumaciter
810 1773 1026 1846 transgressor
1052 1767 1208 1846 extiterit,
1238 1769 1366 1830 seilicet

208 1862 246 1926 ut
266 1853 390 1934 aliqum
409 1850 523 1924 viduas
543 1851 652 1919 velare
671 1857 866 1932 praesumat,
884 1851 960 1933 quia
979 1850 1042 1918 boe
1061 1859 1097 1914 et
1114 1852 1283 1933 episeopis
1304 1873 1365 1916 non

206 1939 300 2019 licet,
331 1935 450 2024 gradus
478 1935 527 2002 sui
553 1937 723 2019 periculum
749 1933 894 2002 incurrat.
943 1934 1091 2003 Similiter
1117 1945 1152 2001 ct
1178 1935 1221 2001 de
1252 1940 1365 2018 puellis

208 2021 383 2110 virginibus
404 2041 425 2088 a
444 2023 638 2105 presbyteris
658 2041 720 2084 non
740 2019 883 2086 velandis
909 2029 1063 2093 statutum
1088 2029 1154 2102 est,
1182 2030 1221 2084 ut
1240 2023 1273 2086 si
1295 2026 1365 2106 quis

204 2109 268 2176 boo
291 2109 396 2175 lacere
417 2109 587 2173 tentaverit
608 2118 755 2190 tanquam
776 2116 991 2192 transgressor
1012 2125 1165 2172 canonum
1186 2107 1364 2176 damnetur.

219 2227 268 2290 X.
288 2223 390 2292 Nosne
406 2233 538 2307 praeter
558 2228 738 2309 episcopum
756 2225 942 2290 amrelmo
963 2225 1103 2288 wamba
1123 2227 1342 2310 ingredietur.

291 2327 337 2391 Ut
357 2328 527 2408 episcopus
555 2331 744 2391 monasteria
771 2329 990 2391 monachorum
1020 2335 1054 2391 et
1079 2331 1359 2399 sanctimonialium
1415 2353 1416 2370 ¹

206 2415 386 2496 hoqucmer
411 2409 546 2476 mancat
572 2421 607 2476 et
633 2431 704 2478 cum
729 2415 880 2495 gravibus
908 2423 942 2477 ct
969 2412 1124 2499 religiosls
1143 2419 1301 2498 personis,
1324 2428 1358 2480 et

206 2499 239 2564 in
261 2517 367 2563 eorum
381 2498 434 2562 vel
454 2499 486 2561 in
507 2517 613 2562 earum
635 2508 794 2563 conventu
813 2497 956 2564 residens
977 2517 1081 2562 eorum
1103 2500 1202 2564 vitam
1225 2507 1258 2564 et
1277 2521 1355 2566 corr·
1415 2541 1416 2584 p

206 2586 420 2662 venationem
446 2583 622 2670 diligenter¹
639 2585 810 2667 dismtiatr
838 2594 879 2656 at.
900 2583 1023 2682 siquid
1043 2585 1288 2668 reprehensibile
1310 2589 1360 2650 in·
1415 2585 1416 2616 l

206 2673 330 2741 venerit
337 2715 347 2753 ,
378 2672 534 2756 corrigere
560 2681 700 2756 sataget.
741 2670 1027 2742 Sanctimonialmrn
1056 2673 1149 2735 etiarn
1177 2673 1364 2754 pudicitiam

208 2757 364 2824 subtiliter
389 2754 580 2839 investiget,
608 2766 641 2821 et
662 2757 691 2820 si
710 2757 814 2840 aliqua
834 2754 991 2824 invenitur
1011 2775 1093 2842 quae
1112 2759 1262 2842 neglecto
1285 2780 1365 2840 pro-

205 2843 310 2926 posito
332 2842 489 2906 castitatis
514 2841 629 2906 clerico
649 2851 703 2906 aut
721 2840 803 2912 laico
823 2842 1020 2928 impudenter
1038 2843 1224 2926 misceatur,
1245 2848 1368 2910 acriter

206 2923 391 3008 verberibus
418 2936 602 2992 coerceatur
629 2927 724 3003 etin
750 2930 873 3011 privata
906 2929 1050 2995 custodia
1084 2929 1276 3011 retrudatur,
1308 2934 1367 2994 ubi

205 3014 289 3103 quod
323 3015 405 3076 male
439 3014 594 3078 commisit
626 3011 722 3097 digne
756 3015 927 3098 poeniteat.
987 3014 1156 3078 Interdicat
1190 3013 1285 3082 etiam
1319 3039 1367 3080 ex

207 3101 396 3164 auctoritate
416 3109 594 3164 sanctorum
614 3117 780 3180 canonum,
802 3110 837 3162 ut
853 3100 956 3162 nullus
976 3100 1076 3164 laicus
1097 3109 1152 3165 aut
1171 3102 1308 3164 clericus
1329 3105 1367 3168 in

206 3203 313 3248 eorum
345 3183 493 3247 claustris
524 3194 558 3245 et
588 3185 724 3246 secretis
757 3183 998 3258 habitationibus
1028 3203 1195 3252 aceessum
1231 3187 1368 3270 habeat,

205 3289 310 3356 neque
338 3268 518 3352 presbyteri
551 3264 611 3330 nisi
642 3276 761 3334 tanturn
789 3270 831 3333 ad
858 3269 1007 3354 missam3
1035 3273 1165 3350 expleta
1191 3273 1290 3337 missa
1320 3276 1367 3338 ad

206 3357 363 3422 ecclesias
383 3373 460 3420 suas
480 3353 619 3419 redeant.
656 3351 808 3418 Omnibus
829 3365 994 3436 praeterea
1012 3358 1137 3438 publice
1154 3365 1193 3419 ‚et
1213 3360 1369 3438 privatim

206 3441 371 3511 denuntiet
405 3441 556 3524 quantum
589 3436 746 3522 piaculum
770 3439 814 3502 sit
845 3441 898 3523 qui
927 3461 1075 3522 sponsam
1102 3441 1221 3506 Christi
1246 3444 1367 3507 vitiare

206 3528 393 3615 praesumit3
413 3528 442 3590 si
462 3527 545 3590 enim
564 3526 616 3590 ille
634 3545 708 3592 rcus
728 3534 854 3590 tenetur
873 3527 1088 3610 quinsponsam
1102 3527 1237 3592 bominis
1250 3529 1366 3610 violat,

228 3621 324 3678 uento
345 3609 449 3696 magis
469 3631 544 3696 reus
564 3607 746 3692 majestatis
759 3611 893 3686 efficitur
907 3612 959 3695 qui
972 3632 1123 3696 sponsam
1135 3615 1367 3696 omnipotentis

206 3635 259 3765 gei
279 3691 473 3790 corrumpit‘l
603 3773 606 3782 ,
716 3760 719 3774 ,
1067 3764 1071 3775 ,
1107 3760 1111 3776 ,

216 3875 221 3891 ᾗ
307 3855 310 3864 .
344 3801 399 3864 XI.
441 3798 625 3864 Ecclesiam
636 3802 801 3888 prpprr’rm
822 3818 886 3861 nort
906 3800 1035 3883 decepsi
1052 3805 1230 3896 priscoprss.

221 3893 261 3906 ’“’
294 3897 339 3963 Ut
367 3920 429 3964 non
455 3900 552 3964 liceat
580 3901 731 3988 episcopo
760 3901 960 3984 principalem
986 3891 1168 3968 cathedram
1194 3921 1275 3965 suae
1302 3923 1367 3984 pa-

207 3985 336 4050 rochiae
370 3986 534 4072 negligere
568 3995 603 4050 et
631 3987 723 4052 aliam
751 3987 920 4053 ecclesiam
946 3989 978 4058 in
1006 3988 1235 4065 sua-dioecesi
1259 3990 1365 4073 magis
1415 3985 1416 4078 l

207 4065 416 4156 frequentare.
1025 4085 1029 4092 ·
1415 4097 1416 4188 p

317 4257 319 4264 y
347 4173 420 4237 ΧΗ.
464 4173 627 4252 Quaem
643 4191 749 4258 poena
766 4171 1001 4256 percussoribus
1021 4173 1221 4257 imponenda.

249 4329 253 4338 ,
294 4275 332 4344 Si
352 4275 423 4356 quis
444 4272 540 4344 alium
558 4295 614 4356 per
634 4279 711 4346 iram
725 4276 924 4357 percusserit
944 4284 980 4340 ct
998 4278 1185 4359 sangninem
1207 4268 1364 4355 effuderit,

210 4359 238 4421 si
258 4361 359 4424 laicus
380 4367 441 4440 est,
460 4358 574 4442 viginti
594 4361 663 4424 dics
684 4362 856 4448 poeniten,
877 4361 1011 4426 clericus
1031 4361 1178 4443 triginta3
1197 4361 1241 4424 illi
1256 4369 1363 4428 autem
1415 4341 1416 4416 l

212 4445 265 4523 qui
285 4443 416 4525 gradum
436 4444 553 4506 habent
575 4444 768 4528 ampliorem,
790 4445 923 4526 amplius
944 4446 1018 4524 pelli
1039 4445 1175 4508 debent:
1208 4444 1361 4508 diaconus

1415 4589 1416 4618 l

1415 4621 1416 4650 l

211 4544 272 4588 sex
293 4544 438 4608 menses,
457 4529 625 4610 presbyter
645 4550 758 4594 aunum
777 4549 887 4612 unum,
915 4530 1085 4612 episeopus
1105 4530 1191 4594 duos
1205 4533 1308 4594 annos
1328 4539 1362 4593 et

209 4627 270 4673 sex
289 4628 423 4674 menses
