2868 5040
366 235 607 324 concamio
633 229 892 325 nobomouu
913 257 952 322 ιι
1171 257 1242 326 sss.

72 380 321 492 communicatis
340 426 569 499 commonicare
595 427 851 510 praesumpserit,
872 420 1176 494 excommunicemus
1196 445 1236 494 ss

73 532 161 574 esse
182 517 368 594 eognoscat.
493 561 499 567 .
541 569 544 576 ,
603 547 608 554 -

148 613 236 674 XXI.
279 611 331 674 Ile
361 612 552 676 adulterinis
582 615 634 678 vsi
663 616 853 687 incestuosis
884 613 1169 697 conjunctioribus.

170 715 220 776 Da
241 714 374 776 incestis
394 735 472 777 vcro
493 715 763 796 conjunctionibus
779 717 813 797 ¹)
835 721 1014 783 censuimus
1036 727 1156 782 statuta
1177 737 1235 785 ea·

76 817 199 862 nonam
220 808 332 860 vetera
352 819 415 861 non
434 801 579 884 irmmpi3
607 800 687 864 satis
709 804 790 864 enim
812 803 945 866 iacimus
966 801 995 866 si
1016 805 1046 866 in
1064 803 1125 867 hac
1146 813 1235 886 parte

75 887 205 949 statuta
219 885 323 966 prisca
337 903 510 948 servemus.
538 886 603 948 Sed
624 897 789 968 propterea
811 887 868 949 fnit
885 888 995 950 iterare
1009 891 1235 974 necessarium,

78 970 160 1058 quia
181 969 289 1032 dicunt
308 971 413 1051 plures
431 972 520 1052 quasi
540 971 614 1034 illud
636 991 692 1053 per
711 973 988 1053 praedecessorum
1009 974 1236 1057 negligentiam
1257 1029 1259 1032 .

78 1055 286 1119 sacerdotum
312 1055 372 1117 illis
397 1074 459 1118 non
484 1057 599 1119 fuisset
623 1065 783 1139 apertom3
813 1057 872 1120 sed
899 1077 1009 1121 revere
1037 1057 1235 1142 incutiuntur,

78 1161 158 1206 cum
181 1141 319 1202 sciamus
340 1141 423 1203 tales
444 1161 484 1206 aa
504 1151 611 1204 tantos
623 1140 709 1206 viros
730 1144 907 1206 nullatcnus
927 1143 1000 1208 huic
1019 1145 1235 1228 negligentiae

79 1223 297 1308 subjacuisse,
319 1225 376 1288 sed
398 1225 459 1291 hoo
480 1228 562 1309 quod
583 1226 756 1308 scripturae
775 1239 908 1291 sanctae
928 1229 1237 1312 testantur,cssidue

78 1311 299 1394 praedicasse.
341 1313 513 1392 Propterea
540 1313 657 1396 placuit
685 1313 780 1375 etiam
806 1314 846 1376 de
866 1313 1073 1376 voluminibus
1094 1313 1236 1396 librorum

80 1415 191 1480 pauca
212 1397 422 1494 perstringere
442 1406 477 1461 et
497 1399 668 1464 canonibus
688 1395 841 1479 inserere,
870 1405 905 1460 ut
926 1408 1063 1478 excepta
1077 1399 1112 1477 ²)
1139 1401 1235 1463 lectio

80 1483 127 1545 de
149 1479 220 1544 aliis
241 1481 325 1544 libris
345 1501 377 1542 ιιι
397 1501 492 1544 ιιιιιιιιι
513 1481 660 1546 recitetur
681 1483 722 1545 ad
740 1482 895 1564 populum.
926 1483 982 1546 Sic
996 1485 1077 1546 enirn
1093 1483 1237 1548 dominus

79 1567 213 1630 locatos
237 1576 306 1629 est:
342 1565 506 1629 Ciutodite
528 1567 613 1650 leges
633 1587 720 1629 meas
741 1575 838 1652 atque
856 1567 988 1649 judicia
1010 1589 1091 1652 quas
1105 1571 1236 1650 sacieris

79 1653 177 1714 bomo
192 1653 279 1712 vivet
292 1653 328 1713 in
343 1653 386 1713 iis
398 1655 410 1692 ³
421 1656 440 1724 i.
470 1651 543 1735 Ego
557 1655 711 1715 domiuus.
748 1651 987 1736 limpitudinem
1001 1655 1111 1736 patris
1132 1658 1184 1718 tui
1204 1663 1238 1720 ei

80 1737 318 1819 turpitudinem
331 1739 445 1799 matris
460 1745 536 1799 tuae
555 1758 619 1800 nou
640 1738 850 1820 discooperies
857 1760 870 1814 ,·
890 1747 994 1800 mater
1014 1746 1073 1800 tua
1095 1747 1153 1813 est,
1173 1759 1238 1802 non

79 1820 241 1884 revelabis
256 1823 486 1902 turpitudinem
501 1825 578 1905 ejus.
608 1818 848 1905 lurpitudinem
862 1823 1096 1903 uenus-patris
1111 1825 1161 1883 tui
1174 1844 1238 1885 nou

81 1905 298 1988 discooperies
304 1929 317 1980 ,·
327 1909 492 1990 turpitudo
508 1913 591 1970 enim
599 1911 774 1992 patristui
788 1914 846 1970 est.
866 1905 1107 1990 limpitudinem
1121 1911 1238 1970 sororis

81 1997 164 2052 tuae
180 2011 220 2051 ea
232 1995 412 2078 patre‘sioe
427 2013 466 2054 ea
487 2000 599 2068 matre,
616 2012 695 2074 puae
709 1985 795 2053 domi
809 1991 860 2052 uel
871 1992 958 2071 soris
972 1994 1086 2074 genita
1102 1999 1159 2068 est,
1174 2011 1238 2055 non

80 2073 251 2138 revelabis.
299 2075 539 2160 limpitudinem
552 2077 650 2160 filiae
661 2077 734 2158 filii
753 2079 805 2138 tui
826 2075 877 2137 vel
895 2079 1001 2160 neptis
1024 2095 1063 2139 ee
1074 2075 1154 2158 fllia
1174 2096 1239 2139 non

81 2157 258 2236 revelabis,
288 2148 363 2244 quia
384 2163 549 2246 turpitudo
571 2169 707 2225 tuaest.
755 2160 995 2243 limpitudinem
1011 2161 1109 2243 filiae
1130 2164 1240 2225 uaeris

78 2247 191 2326 patris
210 2247 278 2320 tui,
310 2267 403 2329 quam
424 2249 554 2331 peperit
578 2249 672 2330 patri
692 2253 747 2308 tuo
770 2255 803 2309 et
824 2253 873 2309 est
895 2267 983 2309 soror
1003 2256 1076 2324 tun,
1103 2265 1168 2309 non
1188 2269 1239 2312 re-

83 2329 218 2391 velabis.
254 2329 495 2413 lurpitudinem
515 2335 632 2394 sororis
646 2334 756 2414 patris
777 2333 829 2394 tui
848 2351 911 2394 nou
926 2333 1146 2414 discooperies,
1163 2336 1239 2418 quia

83 2433 163 2477 caro
192 2420 241 2476 est
263 2419 374 2498 pat-ris
399 2419 486 2480 tui..
518 2417 759 2502 turpitudinen
785 2419 901 2478 sororis
929 2419 1044 2478 matris
1073 2426 1150 2480 tuns
1175 2437 1240 2480 non
1315 2475 1316 2478 ,

81 2497 258 2576 revelabis,
281 2521 318 2563 eo
340 2503 424 2586 quod
441 2506 487 2564 sit
508 2505 717 2564 commatris
738 2509 825 2563 tuae.
873 2499 1115 2582 limpitudinem
1132 2505 1240 2582 patris

7 2627 9 2634 ·
301 2581 427 2662 eutis,
444 2607 502 2650 nec
529 2588 660 2648 accedes
681 2586 727 2647 ad
745 2605 874 2646 urorem
896 2587 981 2665 ejus,
1008 2587 1084 2668 quia
1105 2585 1168 2646 tibi
1188 2587 1240 2664 as·

74 2585 464 2838 Wagner.
511 2671 753 2754 lippitudinem
772 2689 870 2732 nurus
890 2678 968 2732 tuas
987 2687 1051 2730 non
1076 2669 1241 2745 revelabis,

86 2755 167 2835 quia
198 2774 279 2817 uror
344 2759 372 2817 ii
402 2759 454 2819 tui
481 2764 558 2834 est,
588 2777 647 2819 nec
679 2756 889 2836 discooperies
920 2754 1130 2838 ignominiam
1163 2755 1240 2835 ejus

90 2837 337 2920 limpitudinem
357 2844 465 2905 uraris
481 2843 602 2922 fratris
623 2841 673 2903 tui
692 2861 757 2903 uon
777 2838 951 2914 revelabis,
980 2841 1056 2920 puin
1076 2839 1241 2920 turpitudo

79 2925 205 3002 fratris
232 2927 284 2987 tui
312 2933 370 2992 est.
419 2925 659 3010 l'urpitudinem
679 2927 797 2987 sororis
818 2932 895 2986 tuae
916 2931 948 2985 et
966 2924 1064 3003 filias
1090 2924 1158 3003 ejus
1178 2943 1243 2986 non

84 3006 255 3072 revelabis.
298 3009 419 3074 Filiam
435 3014 532 3094 filiae
553 3014 620 3092 ejus
643 3018 675 3072 et
694 3009 804 3091 filiam
815 3008 927 3089 fiiliae
940 3008 1037 3069 ‘illius
1056 3026 1120 3069 non
1140 3027 1243 3070 sumes

24 3114 32 3138 ι
85 3101 129 3154 ut
149 3095 268 3156 reveles
289 3097 498 3176 ignominiam
519 3102 603 3176 ejus,
625 3097 701 3178 quin
722 3113 797 3156 caro
818 3094 906 3154 illius
926 3101 1001 3156 sunt
1023 3099 1056 3155 et
1077 3093 1155 3166 talis
1177 3096 1243 3158 coi-

87 3186 145 3239 tus
166 3181 306 3242 incestus
328 3189 386 3243 est.
419 3181 565 3244 Sororem
585 3183 790 3243 uvoristuas
810 3179 847 3240 in
862 3178 1051 3261 pellicatum
1072 3177 1161 3242 illius
1180 3199 1245 3242 non

89 3265 243 3344 accipies,
264 3285 322 3326 nec
343 3267 498 3334 revelabis
519 3267 749 3348 turpitudinem
772 3264 849 3344 ejus.
893 3263 968 3325 lium
990 3283 1086 3325 uvore
1102 3268 1245 3346 proximi

89 3349 146 3408 tui
170 3367 234 3409 non
263 3350 380 3426 coibis,
405 3372 464 3413 nec
484 3352 614 3415 seminis
636 3350 860 3411 commistione
880 3348 1099 3408 maculaberis.
1142 3347 1245 3408 Male-

91 3432 201 3492 dictus
211 3432 247 3511 ⁴)
267 3433 357 3502 bomo
378 3438 433 3516 qui
444 3439 553 3520 saciet
566 3433 713 3514 sculptile
729 3441 762 3492 et
776 3431 954 3506 conflatile,
976 3429 1245 3492 abominationem

92 3516 238 3594 domiuo,
261 3538 337 3598 opus
355 3540 505 3581 manuum
525 3519 694 3597 artificum,
712 3521 871 3596 ponetque
893 3513 974 3573 illud
992 3515 1028 3574 in
1049 3513 1244 3590 abscondito,
1322 3534 1324 3540 ’

93 3603 343 3682 etrespondebit
357 3607 457 3666 omnis
468 3601 601 3684 populus
616 3607 649 3662 et
663 3599 751 3661 dicet
764 3598 877 3659 Amen.
904 3595 1097 3659 Maledictus
1113 3599 1169 3680 qui
1181 3617 1264 3660 non·
1336 3664 1342 3676 ,

93 3685 231 3748 bonornt
247 3695 373 3766 patrem
394 3707 484 3750 suum
505 3694 538 3747 et
558 3693 690 3748 matrem
711 3703 815 3755 suam,
837 3688 871 3743 et
889 3681 977 3743 dicet
992 3685 1093 3743 omnis
1110 3682 1246 3763 populus

94 3770 211 3832 Amen.
237 3769 430 3834 Maledictus
452 3773 507 3854 qui
527 3771 683 3848 transfert
703 3766 853 3830 tennirros
869 3767 1013 3856 proximi
1026 3769 1087 3841 sui,
1112 3774 1145 3827 et
1159 3767 1246 3830 dicet

94 3857 198 3915 onmis
215 3857 351 3936 populus
373 3858 488 3918 Amen.
530 3853 723 3916 Maledictus
744 3852 799 3934 qui
817 3861 923 3912 errare
944 3852 1035 3931 facit
1062 3871 1189 3914 coecum
1209 3855 1246 3914 in

94 3941 231 4014 itinere,
252 3947 283 4001 et
298 3941 385 4002 dicet
400 3935 501 4001 omnis
517 3938 651 4020 populus
666 3938 780 3999 Amen.
810 3933 1001 3997 Maledictus
1016 3937 1072 4017 qui
1088 3939 1246 4018 pervertit
1272 3972 1274 3978 ,
1372 3965 1375 3974 ¹

85 4023 251 4106 judicium
271 4024 433 4100 adamae,
454 4024 575 4106 pupilli
595 4041 635 4085 ac
655 4023 792 4093 viduae,
825 4026 858 4080 et
878 4020 966 4081 dicet
987 4022 1088 4082 omnis
1110 4021 1246 4103 populus

94 4109 211 4170 Amen.
239 4105 432 4170 Maledictus
454 4111 509 4189 qui
529 4108 646 4169 dormit
667 4125 737 4168 cum
756 4121 854 4164 uvore
868 4106 977 4184 petris
998 4105 1051 4166 sui
1071 4114 1105 4167 st
1126 4104 1246 4166 revelat

21 4283 31 4290 ι
96 4193 326 4274 operimentum
346 4192 457 4256 lectuli
477 4194 555 4276 ejus,
577 4199 610 4256 et
630 4183 724 4253 dicet
739 4188 840 4250 amnis
854 4191 991 4271 populus
1005 4191 1118 4252 Amen.
1144 4186 1247 4254 Male·

143 4414 173 4482 ¹)
192 4419 404 4533 epmuneponttus
421 4412 503 4522 siecrrt⁸
514 4409 541 4464 in
558 4411 675 4532 Repl'z,
709 4437 745 4450 -
786 4410 816 4478 ²)
833 4427 938 4472 senrpsn
954 4411 1024 4528 lien.1
1034 4410 1067 4530 ll),
1085 4413 1155 4531 ³,th
1172 4417 1246 4466 vetos

169 4486 293 4604 eglippi-m
315 4497 410 4604 bes-retu
427 4481 624 4614 ,turptiurbib'e'bist
633 4489 771 4612 οιιέοιιιαιῗ.
786 4489 922 4616 ρῖιὲἔωῧῗ
938 4496 1040 4608 {imppp
1050 4497 1123 4602 iobis
1137 4499 1247 4605 agritii.

171 4619 393 4688 lisca-mur.
412 4621 461 4686 18,
479 4620 588 4676 5-18.
624 4649 657 4661 ·-
700 4618 1065 4688 noscentiae-'rt
1102 4645 1136 4660 «-
