2874 5044
421 269 664 344 CONCIIdUM
683 271 939 344 IOERDENSE.
1219 273 1260 342 tt

98 447 236 533 guinem
268 443 392 510 uadunt
409 443 472 516 ¹vel
505 459 604 513 vese=
619 443 843 514 sacro-officio
872 443 1024 527 deputate
1052 451 1260 527 contrectant,

99 536 144 596 nb
161 533 197 612 ¹)
225 532 309 593 omni
327 529 461 592 humano
483 531 638 612 sauguine
660 531 757 598 etiam
771 531 879 602 hostili
899 532 1096 594 obstineant:
1124 529 1208 613 quod
1230 532 1259 594 si

100 623 137 682 in
166 621 229 682 lroc
256 615 437 695 inciderint,
463 614 587 680 duobus
608 617 698 684 aunis
718 627 784 682 tom
804 616 908 680 officio
930 632 1024 698 quam
1042 617 1259 680 communione

101 708 282 789 priventur,
303 703 349 766 ita
369 711 406 764 ut
426 701 476 766 his
497 701 620 766 duobus
639 704 730 766 annis
750 703 883 785 vigiliis,
903 701 1046 784 jejuniis,
1066 703 1262 768 orationibus

102 801 142 857 et
155 787 376 869 eleemosynis
404 805 460 866 pro
481 787 599 852 viribus
630 805 710 870 ques
730 787 873 853 dominus
893 787 1058 852 donaverit
1082 789 1261 870 expientur,

106 878 212 940 etita
233 873 354 938 demum
374 872 477 936 officio
496 874 549 935 vel
571 873 777 937 communioni
797 872 984 954 reddantur,
1012 893 1052 936 cn
1078 881 1185 938 temen
1206 893 1261 938 rc·

107 958 262 1039 tiouo²)‚
288 977 329 1020 ne
356 958 488 1020 ulterius
508 957 550 1036 ad
571 958 676 1026 officie
696 961 817 1039 potiore
837 966 1096 1041 promoveantur3
1125 958 1209 1040 quod
1231 960 1260 1022 si

106 1048 201 1120 infre¹
220 1043 416 1125 praefinitum
449 1051 575 1124 ternpus
606 1046 855 1126 negligentiores
888 1046 974 1112 circe
1007 1045 1143 1108 salutem
1169 1063 1260 1110 susm

104 1132 269 1196 extiterint
280 1126 337 1208 3),
365 1129 541 1210 protelandi
556 1128 591 1207 ι)
618 1132 718 1211 ipsius
743 1131 958 1212 poenitentiae
985 1139 1111 1212 tempus
1137 1131 1169 1194 in
1197 1149 1260 1212 poa

102 1226 225 1282 testate
246 1224 374 1281 maneat
391 1214 577 1279 sucerdotis.
1255 1251 1260 1259 .

130 1347 168 1409 ll.
213 1341 265 1408 De
286 1343 335 1404 itis
358 1345 413 1426 qni
434 1341 578 1406 atorrnm
592 1343 728 1425 faciunt
748 1342 801 1406 uel
817 1349 913 1408 natos
934 1362 1007 1406 snos
1026 1347 1229 1428 extinguunt.
1256 1336 1260 1346 ’

146 1501 152 1512 ,
189 1449 241 1511 Hi.
261 1465 338 1508 vero
366 1445 419 1528 qui
448 1447 528 1514 male
555 1454 736 1530 ,conceptos
770 1466 812 1507 ex
842 1446 995 1514 adurerio
1024 1449 1127 1512 factos
1143 1446 1178 1527 ⁵)
1205 1447 1259 1509 vel

104 1532 212 1598 editos
232 1551 347 1594 necare
369 1530 565 1614 studuerint,
579 1531 645 1600 ,trel
670 1533 703 1598 in
725 1534 824 1594 uteris
845 1543 977 1596 matrum
997 1534 1176 1614 potionibus
1197 1534 1259 1594 oli-

105 1623 221 1704 quihus
251 1617 421 1681 colliserint
435 1616 487 1700 ο),’
515 1616 547 1682 in
583 1625 715 1699 utroque
746 1635 827 1680 sexu
848 1616 998 1684 adulteris
1026 1627 1101 1701 post
1133 1628 1258 1702 septem

105 1722 256 1771 annorum
285 1701 437 1765 curricula
466 1703 640 1766 communio
670 1704 839 1784 tribuatur,
873 1705 918 1767 ita
946 1713 1073 1784 tamen,
1111 1712 1147 1765 ut
1175 1701 1258 1768 omni

105 1804 248 1876 tempore
269 1789 356 1852 vitoe
377 1807 455 1849 sune
476 1787 603 1854 fletibus
624 1795 659 1851 et
685 1789 852 1852 humilitati
879 1789 1093 1874 insistenti),
1120 1789 1257 1851 officium

107 1882 156 1941 eis
189 1871 384 1939 ministrandi
416 1891 601 1955 recuperare
634 1893 696 1936 non
731 1876 826 1937 liceat
839 1874 893 1958 ⁸);
935 1883 1075 1939 attamen
1101 1873 1132 1936 in
1160 1875 1256 1937 choro'

106 1962 306 2049 psallentium
335 1977 355 2022 e
383 1967 523 2042 tempore
549 1968 699 2040 receptae
733 1961 957 2024 communionis
983 1959 1147 2024 intersint:
1177 1958 1257 2040 ipsis

107 2048 260 2114 veneficis
280 2049 313 2110 in
334 2045 422 2108 exitu
443 2054 586 2126 tantum,
612 2045 641 2106 si
667 2045 805 2106 facinora
826 2063 885 2108 sna
906 2046 989 2108 omui
1008 2053 1149 2134 tempore
1168 2039 1258 2107 vitae¹

107 2129 603 2213 snsedefleverint,cormnt1nio
625 2128 786 2193 tribuatun
1016 2156 1018 2160 ·

106 2267 156 2329 ΠΙ.
197 2263 249 2325 Dc
270 2259 431 2326 monachis
453 2237 489 2323 nt
511 2245 621 2323 clerici
641 2259 828 2324 ordinentur
848 2279 918 2324 cnm
940 2261 1105 2324 voluntate
1121 2257 1258 2335 addatis,

107 2364 139 2418 et
161 2368 241 2436 quae
261 2349 453 2414 rnonastcrio
475 2346 651 2431 offeruntur
674 2367 739 2408 non
760 2349 968 2426 anferentur,
999 2356 1033 2410 et
1054 2348 1094 2444 de
1115 2345 1258 2410 basilicis

237 2513 239 2520 γ
505 2453 582 2516 qnos
605 2434 684 2495 laici
704 2433 858 2514 fecerint.
907 2435 910 2441 “

190 2541 239 2604 De
261 2535 423 2601 monachis
438 2553 515 2596 vero
536 2533 568 2596 id
590 2535 751 2596 observari
771 2534 889 2617 placuit
907 2535 990 2618 quod
1005 2534 1147 2618 synodus
1161 2533 1256 2616 Aga-

109 2627 228 2690 thensis
248 2625 303 2686 vel
322 2617 559 2685 Aurelianensis
573 2618 607 2699 ⁹)
636 2621 775 2682 noscitur
797 2618 1010 2698 decrevisse,
1027 2621 1089 2681 hoc
1114 2628 1255 2682 tantum-

106 2713 198 2778 modo
225 2707 451 2789 adjiciendum,
481 2713 517 2766 ut
542 2724 597 2789 pro
625 2703 783 2774 ecclesiae
811 2705 945 2766 utilitate
976 2723 1056 2786 quos
1084 2705 1256 2786 episcopus

104 2798 283 2880 probaverit
302 2791 334 2856 in
355 2793 524 2856 clericatus
537 2789 681 2860 'officium
698 2787 753 2870 ¹⁰)
774 2807 845 2853 cum
866 2788 991 2853 abbatis
1010 2789 1173 2852 voluntate
1196 2789 1256 2850 de-

105 2887 201 2948 bc'nnt
228 2879 369 2945 ordinari.
409 2879 458 2940 En
475 2875 554 2938 vero
596 2896 659 2940 nae
678 2873 798 2958 injure
820 2877 1002 2939 monasterii
1022 2875 1062 2938 de
1092 2876 1255 2940 facultati-

104 2971 165 3034 bus
192 2965 380 3047 offeruutnr,
405 2961 437 3026 in
464 2963 547 3026 nullo
573 2895 764 3025 dioecesana
791 2961 865 3045 lege
886 2963 925 3024 ab
948 2959 1108 3044 episcopis
1129 2962 1255 3024 contiu-

106 3063 227 3142 gantur.
269 3050 306 3116 Si
330 3058 438 3114 nutem
466 3067 508 3110 ex
535 3048 625 3111 laicis
651 3043 817 3130 qnisquam
845 3067 864 3108 a
891 3066 929 3109 se
954 3047 1070 3109 iactam
1091 3045 1254 3112 basilicam

106 3135 284 3206 consecrari
304 3135 360 3214 Π)
397 3130 578 3214 desiderat,
605 3150 804 3214 nequequam
833 3134 892 3194 sub
922 3129 1103 3193 monasterii
1133 3129 1254 3212 specie,

103 3229 157 3292 ubi
178 3219 385 3309 congregatio
403 3239 466 3282 non
482 3217 637 3302 colligitur
650 3220 704 3280 vel
725 3219 836 3301 regula
857 3219 895 3281 ab
918 3219 1069 3298 episcopo
1091 3215 1153 3280 non
1174 3236 1254 3280 con-

104 3312 262 3390 stituitur,
290 3319 361 3372 ee'm
376 3323 403 3369 e
423 3305 614 3369 dioecesano
628 3305 712 3388 lege·
733 3299 1054 3386 ntideetscgregere.

103 3459 158 3527 IV.
184 3457 237 3520 Do
249 3411 445 3527 reniteat
460 3448 795 3600 numediwegzzlcro
813 3454 890 3517 erret
911 3449 997 3512 inter
1018 3447 1241 3515 catechumeno

187 3575 190 3582 ·
632 3591 633 3594 ,
730 3557 777 3600 nr.
1204 3579 1205 3584 1

190 3645 240 3706 lle
260 3639 325 3721 his,
346 3639 400 3721 qui
421 3657 459 3701 se
481 3638 594 3700 incesti
609 3637 664 3719 ¹²)
684 3639 856 3720 pollutione
871 3636 1105 3700 commaculant
1130 3635 1257 3717 placuit,

104 3737 141 3795 nt
169 3745 337 3809 quousque
357 3724 390 3787 iu
416 3723 486 3806 ipso
513 3723 702 3786 detestando
731 3731 767 3785 et
790 3725 897 3786 illicito
924 3719 1027 3784 carrus
1054 3723 1256 3785 coutubernio

104 3821 328 3899 perseverant,
354 3827 457 3890 usque
479 3809 520 3872 ad
540 3807 669 3871 missam
689 3809 811 3877 tantum
829 3808 1124 3870 catechumenorum
1146 3809 1177 3870 in
1199 3827 1256 3871 ec-

105 3897 204 3966 clesia
217 3894 439 3976 admittentium
461 3912 531 3957 cunr
550 3895 662 3977 quibus
678 3893 773 3957 etiarn
789 3913 850 3956 nec
871 3893 978 3956 cibum
994 3911 1121 3956 sumere
1141 3893 1255 3972 ulli¹³)

107 3985 365 4062 Christianorum,
392 3981 477 4045 sicut
498 3978 542 4044 nit
562 3981 726 4064 apostolus
739 3980 794 4060 ¹⁴)
814 3981 866 4042 vel
883 3977 998 4062 jussit,
1027 3989 1159 4064 oportet.
1242 4038 1252 4049 ,

141 4301 170 4368 ¹)
187 4307 217 4352 ot
233 4307 264 4352 et
281 4301 319 4352 M.
349 4329 384 4344 --
419 4299 450 4368 ²)
467 4308 566 4366 futtern
583 4309 685 4354 serrata
702 4301 761 4363 AE„
779 4305 807 4353 et
824 4301 861 4356 Μ.
888 4291 931 4346 '—
967 4305 997 4371 ⁸)
1014 4309 1150 4358 extiterunt
1167 4303 1203 4354 M.
1223 4329 1257 4340 —

140 4369 171 4436 ⁴)
188 4377 371 4432 nroodlicieudt
387 4368 434 4424 Ε.
468 4399 505 4412 ·-
553 4371 581 4438 ὅ)
599 4378 683 4436 foetus
699 4371 737 4424 M·
771 4401 807 4412 -
861 4373 891 4442 ὅ)
908 4381 1104 4439 concerneretur-l
1124 4374 1150 4424 in
1168 4389 1202 4429 nr.
1220 4372 1256 4424 M.

142 4439 171 4505 r)
191 4445 298 4504 sileno
315 4445 401 4492 crerier
416 4444 510 4502 ruerant
527 4441 588 4496 add.
605 4444 642 4494 M.
666 4467 699 4481 -
736 4437 765 4508 t)
782 4449 843 4508 nan
858 4445 895 4498 M.
920 4473 955 4486 ·-
991 4445 1019 4509 ο)
1038 4450 1191 4510 minoen
1202 4443 1257 4493 Bit.

175 4537 211 4548 -
228 4515 268 4560 vel
280 4517 467 4564 Aurelianensis
485 4512 561 4564 abest
576 4528 593 4564 a
611 4529 657 4564 rus.
672 4511 756 4566 Herd.
784 4541 818 4550 —
854 4513 888 4570 ci.
912 4515 994 4576 Gerre.
1018 4513 1161 4578 Agathens.
1179 4513 1258 4567 cdi.

172 4577 389 4632 Aurelianenrd.
407 4596 430 4632 c.
445 4579 567 4634 15-17.
603 4609 637 4620 -
677 4581 726 4647 ¹⁰)
744 4587 826 4645 effluo
843 4583 881 4633 M.
916 4612 951 4624 ·-
991 4583 1041 4648 Η)
1060 4599 1206 4644 coriti-erroro
1223 4581 1259 4630 ll.

122 4646 170 4715 Η)
189 4655 284 4701 incerte
301 4649 339 4701 M.
356 4679 391 4691 -
412 4653 461 4718 ¹³)
480 4659 555 4705 ullum
573 4652 610 4704 M.
628 4680 662 4691 -
684 4653 733 4719 Η)
751 4659 877 4714 apmtonu
890 4653 1022 4716 amit-ll.
1035 4651 1204 4710 -lConir,
1216 4649 1258 4697 ll·
