2858 5036
386 237 627 316 concurrant
654 247 932 321 AGATHENSE.
1178 254 1241 334 lii

269 407 331 480 [v.
376 419 417 484 ss
437 405 569 486 arescot
591 421 745 487 maturae
756 427 884 506 soron
897 415 1028 509 yeme.

166 492 204 562 si
225 497 295 580 quis
316 506 449 570 clericus
469 509 583 569 furtum
610 510 769 574 ecclesiae
796 513 924 597 fecerit,
953 520 1119 604 peregrina
1143 543 1236 590 com·

70 584 188 646 munio
209 587 238 646 ei
260 589 420 654 tribuatur.
693 617 698 630 ·
741 633 743 641 ,

97 701 159 763 Vl.
193 699 233 762 st·
253 702 399 787 episcopo
421 705 460 769 ab
482 709 876 796 eetreneia¹)·qar‘dqucm
888 715 997 795 fuerit
1018 718 1211 790 docturum,

166 787 338 851 Pontifices
364 809 457 871 vere,
491 795 603 873 quibus
638 796 669 856 in
697 815 818 860 sumam
845 803 1023 869 sacerdotio
1047 807 1233 876 ¹constitutis

72 869 120 930 ab
139 873 298 936 extraneis
312 873 465 938 duntaxat
478 876 593 959 aliquid
608 887 664 941 ant
678 899 749 942 cum
773 884 913 947 ecclesia
931 897 987 949 ant
1009 899 1234 973 sequestratim

72 961 139 1014 aut
170 953 332 1020 dimittitur
362 969 418 1022 ant
448 960 600 1043 donatur,
629 965 704 1044 quia
731 967 794 1042 hcc
821 969 873 1031 ille
901 969 955 1050 qui
975 972 1076 1038 donat
1102 998 1159 1061 pro
1179 1001 1234 1044 ra·

72 1035 261 1118 demptione
284 1045 406 1105 animae
426 1063 519 1128 snae,
545 1067 608 1109 non
629 1067 684 1128 prc
706 1051 869 1115 commodo
889 1056 1066 1124 sacerdotis
1086 1063 1234 1143 probatur

72 1121 203 1204 efferre,
219 1143 281 1186 non
299 1132 390 1208 quasi
409 1147 500 1192 snum
522 1133 675 1213 proprium
697 1135 756 1196 sed
778 1135 869 1217 quasi
890 1138 1052 1206 dimissum
1075 1151 1233 1216 ecclesiae

72 1208 162 1269 inter
177 1209 211 1287 ²)
231 1210 402 1275 facultates
424 1214 584 1280 ecclesiae
603 1217 843 1302 computabunt,
871 1225 946 1303 qnia
961 1225 1081 1306 justum
1103 1244 1169 1317 est,
1197 1247 1233 1302 ut

70 1293 167 1353 sicut
194 1297 344 1360 sacerdos
370 1299 466 1360 habet
487 1300 570 1381 quod
591 1301 749 1365 ecclesiae
771 1305 933 1370 dimissum
954 1321 1023 1396 est,
1051 1317 1095 1380 ita
1117 1327 1151 1383 et
1172 1342 1233 1385 ec·-

73 1377 182 1438 clesia
202 1380 318 1442 lrabeat
338 1383 420 1464 qnod
441 1385 620 1467 relinquitur
641 1388 857 1469 sacerdotia).
897 1393 985 1456 Sane
1008 1400 1155 1482 quidquid
1176 1424 1233 1488 per

71 1461 356 1528 fideicommissum
377 1477 432 1530 ant
453 1469 630 1535 sacerdotis
650 1473 773 1535 nomine
787 1472 822 1556 ⁴)
844 1483 899 1540 aut
919 1481 1076 1546 ecclesiae
1096 1487 1232 1554 fortasse

72 1547 243 1610 dimittitur
257 1552 441 1634 cuicumque
464 1555 515 1616 alii
535 1557 733 1636 postmodum
755 1559 954 1645 profuturum,
975 1565 1006 1628 id
1027 1571 1108 1632 inter
1128 1573 1231 1640 facul-

72 1639 168 1694 tates
189 1653 265 1696 suas
287 1637 427 1701 ecclesia
446 1642 631 1721 computare*
649 1652 703 1704 ant
724 1645 858 1708 retinere
878 1665 941 1710 non
955 1649 988 1730 ³)
1009 1659 1132 1735 poterit.

84 1750 164 1813 Vll.
183 1751 242 1814 De·
256 1755 346 1818 rebus
368 1758 521 1822 ecclesiae
543 1763 693 1842 werede
714 1761 754 1827 ab
777 1766 931 1847 episcopia
952 1767 1232 1863 distrahantur),

113 1841 152 1896 et
173 1837 214 1898 de
233 1841 333 1901 seete
354 1841 507 1906 ecelesiae
527 1845 666 1928 qualiter
687 1847 726 1910 ab
750 1851 895 1930 priscopo
917 1859 1196 1929 manumittantur.

168 1921 314 1986 Casellas
348 1945 423 1989 vero
455 1931 517 1993 uel·
539 1929 728 2010 mancipiola
759 1934 917 1998 ecclesiae
949 1941 1110 2028 episcopi,
1146 1950 1232 2017 siem

74 2003 188 2084 prisca
206 2025 359 2073 canonum
380 2015 541 2096 praecepit
556 2014 750 2097 auctoritas,
779 2017 833 2080 vel
853 2038 933 2082 vasa
958 2025 1120 2093 ministerii
1139 2036 1232 2112 cneci

75 2093 298 2173 commendata
323 2095 407 2158 fideli
430 2101 590 2179 proposito
609 2103 740 2182 ,integro
763 2103 921 2167 ecclesiae
937 2104 1007 2185 juro
1027 2116 1231 2192 possideaut;

75 2173 110 2237 id
136 2187 249 2240 estut
274 2199 379 2260 neque
407 2184 563 2266 vendere,
591 2205 694 2266 neque
722 2206 780 2266 per
807 2207 1022 2274 quoscumque
1049 2209 1230 2270 contractus

76 2279 135 2322 res
160 2263 244 2324 unde
270 2261 426 2345 pauperes
453 2270 565 2332 vivunt
594 2269 729 2332 alienare
756 2287 964 2352 praesumant.
1008 2279 1099 2358 Quod
1119 2287 1150 2353 si
1169 2309 1231 2354 ne.

78 2347 221 2410 cessitas
242 2359 329 2412 certa
351 2355 547 2436 compulerit,
569 2364 605 2417 nt
625 2375 679 2436 pro
702 2357 859 2423 ecclesiae
881 2369 936 2425 aut
957 2371 1153 2434 necessitate
1175 2384 1231 2438 ant

77 2433 219 2494 utilitate
234 2434 267 2512 ¹)
289 2435 341 2498 vel
362 2439 392 2499 in
413 2439 576 2504 usufructu
596 2441 648 2502 vel
669 2442 701 2504 in
721 2441 841 2508 directa
856 2445 890 2520 ⁸)
911 2446 1092 2514 venditione
1111 2456 1230 2536 aliquid

79 2517 288 2600 distrahatur,
321 2523 403 2600 apud
432 2523 511 2586 duos
540 2525 593 2584 vel
623 2533 689 2588 tres
718 2527 997 2607 comprovinciales
1024 2537 1078 2598 vel
1107 2539 1230 2611 vicinos

19 2642 24 2649 ·
79 2604 251 2684 episcopos
279 2624 392 2688 eausa,
421 2626 482 2688 qna
509 2627 646 2671 necesse
674 2611 717 2672 sit
736 2613 831 2673 vendi
846 2612 896 2692 ⁹),
924 2617 1064 2694 primitus
1085 2640 1230 2704 compro·-

76 2689 192 2749 betur}
225 2699 257 2750 et
285 2690 392 2756 habita
422 2693 619 2758 discussione
649 2693 840 2773 sacerdotali
865 2716 972 2760 eorum
1000 2705 1230 2786 subscriptione

78 2791 164 2854 quae
191 2775 277 2837 facta
302 2777 393 2840 luerit
419 2777 559 2841 venditio
589 2776 768 2862 roboretur,
801 2781 891 2844 aliter
911 2783 997 2848 facta
1016 2789 1155 2855 venditio
1175 2797 1229 2861 vel

79 2860 253 2922 transactio
275 2880 336 2923 non
357 2862 485 2928 valebit.
526 2865 611 2926 Sane
634 2865 761 2946 siquos
783 2865 823 2928 de
844 2870 946 2931 servis
967 2874 1126 2940 ecclesiae
1147 2879 1230 2948 berae

78 2945 220 3006 meritcs'
238 2944 297 3008 sibi
326 2950 495 3028 episcopus
515 2950 658 3012 libertate
674 2948 729 3029 ¹‚⁰)
757 2949 936 3034 donaverit,
968 2958 1111 3024 collatam
1133 2963 1230 3029 liber,

78 3039 180 3091 tatem
209 3049 228 3092 a
260 3034 499 3094 successoribus
529 3035 648 3114 placuit
679 3035 846 3118 custodiri,
879 3057 952 3101 eum
984 3041 1045 3106 hcc
1098 3049 1160 3110 nod
1190 3052 1230 3114 iis

79 3118 289 3177 manumissor
321 3119 351 3178 in
383 3118 528 3180 libertate
545 3118 598 3196 ¹¹)
629 3119 809 3202 contulerit3
842 3122 925 3205 quod
951 3134 1058 3192 tamen
1081 3134 1230 3212 jubemus

77 3198 194 3283 viginti
228 3201 394 3264 solidorum
411 3203 471 3282 ¹²)
509 3223 688 3285 nnmerum,
730 3205 837 3286 ειη)
879 3209 1003 3274 modum
1039 3215 1070 3277 in
1105 3223 1229 3302 terrula,

77 3286 207 3347 vineola
226 3287 279 3347 vel
299 3287 465 3369 hospitiolo
487 3296 604 3351 tenere.
638 3287 732 3366 ,Quod
754 3293 885 3371 amplius
907 3294 1013 3358 datum
1033 3299 1135 3386 fuerit,
1155 3313 1230 3386 post

77 3369 313 3434 manumissoris
336 3383 466 3435 mortem
489 3375 626 3436 ecclesia
652 3373 821 3448 revocabit.
862 3377 1058 3444 Minusculos
1077 3403 1155 3447 vero
1176 3404 1229 3450 res

15 3479 17 3486 ’
80 3467 137 3519 ant
160 3458 318 3519 ecelesiae
339 3460 441 3520 minus
462 3459 555 3521 utiles
576 3459 749 3539 peregrinis
763 3458 816 3518 vel
831 3459 955 3524 clericis
975 3466 1065 3528 salvo
1077 3467 1148 3548 jure
1171 3491 1230 3536 ec-

78 3543 198 3606 clesiae
220 3543 250 3602 in
273 3561 366 3605 usum
384 3545 536 3625 praestari
551 3542 605 3621 ¹⁴)
626 3543 830 3622 permittimus
844 3543 907 3627 ¹⁸).

211 3659 295 3722 v111.
337 3659 389 3723 De
411 3659 535 3724 clericis
557 3663 612 3744 qui
633 3661 678 3722 cd
695 3632 873 3723 saeculares
895 3665 1095 3749 confligium.

163 3743 199 3805 ld
222 3746 316 3806 etiarn
336 3744 472 3826 placuit,
500 3756 536 3808 ut
564 3747 697 3810 clericus
719 3741 748 3807 si
768 3744 879 3808 relicto
899 3750 1002 3813 cilicie
1022 3771 1082 3816 suo
1104 3767 1229 3838 propter

80 3826 304 3892 districtionem
331 3832 372 3894 ad
401 3831 596 3894 saecularem
623 3833 757 3895 fortuma
773 3829 827 3910 ¹⁸)
856 3835 1049 3921 confugerit,
1082 3843 1165 3908 etis
1187 3846 1228 3910 ad

76 3973 277 3999 Ψ*

121 4051 150 4120 1)
169 4068 186 4102 e
203 4056 349 4112 coronatum
367 4051 398 4103 G.
414 4051 448 4104 H.
484 4081 519 4092 —
561 4051 591 4120 ²)
609 4058 719 4115 reliquos
735 4054 795 4106 add,
814 4054 880 4122 Reg.
895 4053 936 4118 D,
961 4055 988 4110 S.
1023 4090 1059 4102 -
1101 4063 1131 4132 a)
1148 4073 1227 4120 repa.

148 4130 234 4181 cnlttrr
255 4139 271 4171 c
294 4129 425 4174 secerdote
448 4123 515 4188 Reg.
532 4123 559 4178 D*
579 4129 607 4174 et
629 4123 682 4174 Jes.
699 4124 737 4187 C,
756 4130 889 4186 ,reliquerat
912 4137 1030 4182 sacerdos
1051 4131 1105 4186 Jes.
1118 4135 1150 4187 Β.
1190 4161 1226 4178 -··

121 4189 151 4256 ⁴)
170 4199 214 4242 oet
230 4197 356 4242 socer-dett
372 4189 438 4256 Reg.
452 4192 477 4244 R
491 4197 517 4244 et
533 4191 645 4256 Cotton,
663 4199 689 4244 et
702 4193 734 4245 C.
751 4193 785 4247 H.
811 4221 847 4234 -
878 4193 906 4260 ὃ)
924 4199 1213 4257 eoncessiones
1322 4201 1324 4209 ’

121 4260 150 4325 ⁶)
169 4267 307 4311 tctecnlnr
324 4260 355 4312 C.
374 4261 407 4312 H.
431 4289 466 4300 -
499 4259 527 4326 2)
545 4279 590 4322 pro
608 4261 727 4370 ecrlps'tce
744 4272 871 4326 enemente
889 4275 932 4317 eut
949 4273 1179 4393 neceemlmecltpp.
1191 4276 1226 4330 D.

101 4333 152 4466 u
169 4328 582 4465 tt
596 4331 1093 4488 ettrnarzrftntr‘nfu.
1111 4375 1144 4463 t.
1159 4369 1227 4464 tr.

101 4471 151 4538 Η)
169 4475 264 4522 ΧΧΙΠ,
280 4477 353 4522 rolla.
372 4469 438 4534 Reg.
456 4468 498 4532 F,
516 4475 592 4522 XXX.
611 4477 657 4550 sol.
676 4471 740 4524 Luc.
775 4501 811 4512 -
850 4474 899 4540 1³)
918 4484 943 4552 et
959 4474 1033 4526 deest
1050 4493 1077 4528 ru
1097 4477 1127 4530 C.
1145 4475 1179 4532 H.
1198 4485 1225 4532 et

146 4537 176 4592 iu
192 4540 258 4591 Luc
293 4567 329 4578 -
369 4543 419 4605 Η)
435 4547 548 4602 perstare
566 4536 597 4591 C.
614 4539 690 4608 Hrsp.
724 4566 760 4580 -
798 4542 1159 4610 rememorationem.
1190 4571 1225 4585 -

101 4607 150 4677 ιθ)
164 4617 277 4672 recreem
294 4611 366 4662 aolus
383 4606 457 4662 addit
467 4607 613 4676 ,Labbenm
637 4615 803 4676 mmmonem
818 4611 884 4664 Luc.
918 4636 953 4650 -

826 4767 828 4772 ,
944 4693 1031 4784 roa
