2864 5042
400 263 459 327 Au
481 263 653 330 Gdlrlrofl
674 265 920 331 anscerus.
994 289 1000 302 ·
1172 256 1237 334 Μ

52 453 207 517 semper
227 436 258 495 in
280 433 422 514 promptu
444 445 515 515 est,
537 435 592 498 aut
612 437 693 498 anim
713 437 868 517 baptisma
889 435 1070 500 tradendum
1090 446 1152 518 est,
1175 448 1232 502 aut

57 520 244 583 offerenda
273 527 349 581 sunt
376 520 539 583 sacrificia.
579 523 739 604 Numquid
759 521 934 584 immundus
955 541 1052 586 ausus
1073 522 1135 586 erit
1150 541 1231 586 oon·

54 609 233 668 taminare
258 604 342 686 quod
369 615 511 668 sanctum
538 615 606 686 est,
633 608 756 688 qnando
779 627 860 690 qnae
880 618 993 671 sancta
1014 618 1088 672 sunt
1108 611 1230 674 mnam

55 702 194 753 sancta
214 686 318 752 sunt?
353 691 496 772 Denique
517 689 561 753 illi
592 695 645 773 qui
673 693 705 754 in
729 695 850 773 templo
870 694 1026 756 sacrificia
1047 693 1229 775 offerebant,

59 789 112 838 ut
133 776 240 839 mundi
263 783 374 837 essent
398 786 465 838 toto
488 797 568 838 anno
590 781 621 838 in
643 781 758 859 templo
778 781 850 842 solo
869 778 1099 842 observationis
1117 781 1229 844 mena

66 863 310 943 permanebam,
326 861 436 924 domos
455 881 531 924 suas
552 865 677 942 penitus
697 867 888 926 nescientes.
920 865 1018 926 Certe
1037 865 1228 946 idololatrae,

64 957 113 1009 ut
135 945 316 1028 impietates
336 957 507 1010 exerceant
530 958 563 1009 et
584 949 787 1012 daemonibus
808 951 976 1031 immolent,
997 953 1148 1030 imperant
1166 952 1227 1014 aibi

67 1031 300 1095 continentiam
331 1034 510 1095 muliebrem
533 1043 567 1094 et
588 1035 628 1095 ab
652 1038 737 1096 escis
758 1051 881 1117 quoque
903 1055 943 1096 sa
962 1039 1086 1117 purgari
1105 1037 1226 1120 volunt,

65 1129 108 1180 et
131 1139 184 1180 me
206 1121 381 1201 interrogas
402 1120 430 1180 si
451 1118 604 1182 sacerdos
623 1119 674 1180 dei
695 1121 761 1180 vivi
788 1121 959 1200 spiritualia
983 1123 1144 1184 oblaturus
1168 1141 1227 1184 sa·

68 1205 198 1266 crificia
217 1211 369 1285 purgatus
390 1214 541 1284 perpetuo
563 1204 680 1266 debeat
701 1223 785 1284 esse,
805 1223 846 1268 an
867 1215 955 1268 totus
968 1207 999 1268 in
1014 1225 1107 1270 carne
1123 1208 1226 1272 camis

66 1309 183 1366 curam
200 1287 314 1350 debeat
333 1285 465 1352 lacere‘l
486 1291 522 1352 Si
537 1288 718 1352 commixtio
731 1292 859 1370 pollutio
873 1301 934 1371 est,
954 1292 1061 1373 utique
1075 1292 1226 1356 sacerdos

67 1386 164 1438 stare
192 1375 286 1437 debet
310 1375 350 1438 ad
380 1373 515 1438 officium
543 1377 687 1438 eoeleste
715 1385 919 1458 praeparatus
944 1378 998 1458 qui
1029 1397 1084 1458 pro
1114 1379 1249 1442 alieuis'

66 1461 220 1542 peccatis
242 1468 292 1522 est
317 1461 547 1542 postulaturus,
577 1481 618 1523 ne
645 1458 715 1542 ipse
743 1463 919 1524 inveniatur
945 1462 1100 1545 irrdigmrs.
1141 1465 1224 1528 Nara

71 1549 107 1608 si
130 1545 171 1608 ad
191 1547 289 1608 laicos
316 1545 447 1608 dieitur:
481 1545 651 1608 Abstinete
672 1568 727 1608 nos
748 1548 792 1609 ud
812 1555 932 1632 tempta
954 1557 990 1610 at
1011 1551 1132 1612 nocetis
1154 1560 1225 1611 o'ra·

74 1633 167 1694 tionr'
182 1631 226 1714 ¹),
255 1640 288 1692 et
309 1632 351 1693 illi
371 1640 535 1694 creaturae
555 1635 664 1714 utique
680 1633 887 1722 generatione
901 1640 912 1670 ²
918 1644 934 1712 l
955 1635 1147 1715 deserviunt,
1167 1653 1225 1696 sa-

70 1717 223 1779 cerdotes
244 1717 308 1778 tale
335 1724 469 1796 possunt
492 1717 607 1779 habere
628 1737 741 1780 nomen
761 1720 903 1782 meritum
924 1719 1040 1782 habere
1062 1738 1123 1780 non
1146 1739 1231 1799 pos-¹

69 1810 160 1866 sunt.
202 1799 292 1878 Quod
321 1802 351 1864 si
377 1803 420 1864 ita
449 1811 501 1864 est
530 1811 564 1864 et
590 1813 751 1883 permanet
777 1806 997 1884 praesumptio,
1016 1810 1142 1883 oportet
1157 1801 1223 1882 jam

66 1889 291 1968 episcoporum
312 1888 365 1949 vel
384 1889 635 1970 presbyterorum
657 1897 713 1950 aut
731 1888 932 1951 diaconorum
953 1885 1129 1968 discine³),
1150 1906 1222 1950 oum

66 1971 305 2054 publicanorum
335 1973 403 2034 vita
433 1974 546 2036 sociari
559 1972 614 2053 ⁴):
651 1974 871 2055 quamobrem,
904 1971 980 2034 milri
1010 1970 1163 2036 carissimi
1178 1971 1223 2052 ⁸),

67 2057 252 2139 hujusmodi
265 2055 439 2120 hominibus
454 2057 662 2138 coinquinatis
676 2067 710 2120 ot
723 2058 908 2139 infidelibus,
928 2059 959 2119 in
973 2058 1085 2140 quibus
1099 2058 1224 2144 saucti-

70 2143 151 2205 tudo
180 2144 318 2224 corporis
344 2163 401 2224 per
423 2145 562 2205 illuviem
586 2153 621 2205 et
640 2145 893 2206 incontinentiam
912 2144 1035 2208 videtur
1056 2162 1132 2206 essa
1152 2143 1224 2223 pol-

67 2233 161 2311 luta,
190 2230 372 2312 mysterium
399 2228 451 2290 dei
480 2229 566 2292 credi
591 2249 653 2291 nou
679 2239 821 2309 oportere
841 2227 1042 2292 veneratione
1063 2229 1224 2313 religionis

68 2319 144 2398 ipsa
162 2315 317 2378 suadente
337 2333 458 2395 moneo,
478 2315 538 2377 hos
559 2316 641 2376 enim
657 2323 691 2377 et
704 2317 782 2377 ratio
799 2313 886 2396 justa
907 2318 1056 2380 secernit.
1083 2316 1224 2380 Audiam

66 2411 180 2465 certa:
217 2401 373 2478 Quoniam
394 2419 468 2461 coro
490 2409 523 2461 et
542 2403 675 2482 sanguia
694 2421 825 2483 regnum
847 2403 901 2464 dei
921 2423 984 2466 non
1005 2403 1222 2484 possidebant,

66 2507 172 2570 nepte
200 2488 360 2567 corruptio
381 2484 693 2567 incomplutam„
721 2496 755 2546 et
775 2483 873 2546 audet
890 2489 1056 2570 presbyter
1075 2495 1131 2548 aut
1151 2487 1223 2548 dia·-

67 2592 170 2636 eouus
197 2571 372 2634 animalium
392 2589 477 2631 more
498 2569 662 2650 subjacere
678 2568 712 2649 ²)
738 2565 957 2634 contendere?

312 2689 368 2752 lV.
410 2687 461 2750 De
482 2708 519 2750 eo
541 2678 745 2772 qai'mr'lr’tot
764 2689 837 2770 jum
853 2689 976 2772 fidelia.

154 2793 203 2856 De
225 2811 264 2854 eo
286 2791 339 2873 qui
358 2790 536 2854 militaverit
552 2790 616 2872 jam
639 2789 740 2855 fidelis
762 2793 888 2854 militiae
909 2788 1081 2873 saeculari,
1109 2789 1220 2854 notitia
1337 2871 1339 2876 Ι

70 2863 124 2942 est
144 2877 228 2961 quod
248 2885 355 2940 utatur
374 2875 500 2958 publiea
519 2877 683 2958 libertate,
713 2876 783 2958 quis
811 2878 892 2938 enim
920 2886 1027 2957 potest
1054 2877 1138 2938 illum
1159 2895 1220 2938 ou-

67 2959 216 3028 stodire‘l
245 2961 317 3046 quis
337 2979 455 3046 negare
475 2962 528 3023 vel
548 2961 742 3042 spectaculis
763 2963 958 3043 interfuisse,
985 2963 1037 3024 vel
1065 2962 1219 3042 pecuniae

67 3051 204 3148 utilitate
222 3049 391 3197 {mpulsum
405 3065 426 3110 a
438 3047 589 3110 violentia
608 3056 641 3110 et
658 3046 809 3128 injustitia
829 3049 995 3112 immunem
1017 3067 1092 3111 esse
1113 3045 1220 3128 nou⁸J

64 3145 212 3218 potuisse

99 3235 141 3298 V.
187 3235 276 3313 Quod
294 3235 440 3298 Rornano
462 3234 595 3300 aoclano
615 3237 661 3300 od
676 3187 796 3302 'cleram
817 3259 881 3304 non
901 3239 1049 3304 admittit
1070 3260 1123 3306 eoo
1145 3240 1199 3321 qui

326 3330 404 3403 post
424 3320 612 3402 baptismum
632 3327 716 3386 euatt'
736 3343 800 3387 nort
813 3327 952 3402 sinerint.

154 3424 298 3486 Romana
321 3421 459 3485 ecclesia
480 3424 541 3484 hoo
559 3423 741 3503 specialiter
762 3423 916 3502 custodit,
947 3433 983 3485 ut
1004 3424 1122 3502 siquis
1143 3440 1218 3501 par·-

68 3512 163 3572 vulus
184 3509 364 3588 baptizatus
383 3506 595 3589 integritatem
611 3508 748 3587 corporis
763 3507 949 3587 servaverit,
970 3507 1092 3569 admitti
1106 3513 1218 3588 potest

71 3595 111 3658 ad
132 3596 270 3673 elerum,
288 3593 341 3654 vel
363 3593 391 3654 si
412 3595 483 3673 quis
503 3592 600 3672 major
620 3593 713 3653 luerit
733 3590 912 3671 baptizatus
931 3601 967 3654 et
987 3593 1136 3654 manserit
1155 3609 1219 3670 pur·

71 3683 176 3759 dicus,
203 3679 296 3741 unius
317 3679 424 3742 uxoris
444 3679 508 3760 vir,
533 3687 641 3761 potest
662 3674 795 3741 clericus
815 3675 881 3740 fieri
901 3676 929 3740 si
951 3678 1043 3740 nullis
1064 3678 1133 3738 aliis
1153 3676 1216 3737 eri-

71 3766 185 3830 minum
216 3761 347 3827 vinculis
373 3761 526 3846 alligetur.
587 3761 734 3826 Ceterum
763 3763 816 3844 qui
845 3759 1014 3846 corruperit
1042 3760 1217 3828 carnalibus

71 3919 269 3938 ..unna-nd·-

116 4015 353 4084 ¹)100r.7,5.
392 4048 427 4058 —
476 4021 505 4088 ²)
529 4020 573 4072 Sic
594 4020 661 4074 cod.
679 4021 719 4085 1³3
742 4027 895 4085 panerntloot
911 4016 990 4071 Sirm.
1029 4043 1063 4054 —
1112 4017 1141 4082 ⁸)
1162 4017 1219 4067 Vox

138 4091 284 4154 mnupa3
311 4091 370 4155 lege
393 4095 557 4152 maenarum,
587 4094 628 4142 rel
654 4097 683 4142 ut
704 4091 859 4144 Constantio
882 4089 985 4141 ridetur
1010 4093 1143 4139 dumnoc
1171 4101 1218 4125 '-

113 4158 143 4226 ⁴)
162 4158 203 4207 lta
225 4155 292 4210 Cod.
311 4159 354 4221 113
385 4165 508 4222 eptroo‘ptr
528 4168 568 4212 ael
589 4170 741 4224 mercatoris
762 4169 813 4213 drot
835 4177 867 4212 tto
888 4176 943 4211 coar
963 4164 1148 4221 pabbeaaoram
1167 4163 1220 4207 vlla

140 4235 267 4277 mereatu
289 4229 367 4281 Sirm.
411 4255 447 4270 -·-
502 4231 531 4297 ὅ)
550 4230 616 4283 Cod.
634 4231 776 4284 R'babet:
804 4247 845 4292 ee,
868 4245 946 4298 quam
968 4234 1130 4293 notam-pro
1153 4239 1219 4278 voca

139 4305 263 4346 cararent
283 4315 335 4350 non
359 4303 457 4351 temore
479 4308 613 4369 acceptam
637 4301 809 4354 Constantius
832 4300 963 4362 ostendar
986 4297 1064 4350 Sina.
1085 4309 1148 4348 raro
1171 4313 1219 4348 no·

139 4373 192 4418 tarn
219 4366 405 4436 interpetratur
433 4379 521 4422 contra
543 4377 571 4422 et
593 4371 631 4424 sio
654 4372 733 4437 legit:
765 4377 934 4423 bimenstre
953 4373 1092 4430 resumat
1113 4373 1223 4419 tantm

139 4444 311 4495 amantor
328 4447 352 4490 et
367 4445 493 4503 tanatos,
509 4446 536 4492 et
552 4447 611 4510 post
629 4458 719 4494 rocem
733 4447 839 4505 puna,
862 4439 936 4494 addit
951 4440 984 4490 da
999 4451 1052 4489 suo
1067 4443 1097 4487 ul
1114 4453 1219 4491 tentum

141 4504 255 4573 aliquem
281 4507 395 4560 afficiat:
424 4517 545 4574 capallum
568 4520 606 4563 eat
627 4519 726 4565 rause.
778 4539 813 4550 --
879 4508 1022 4575 ⁸)100s·
1043 4507 1150 4569 labo.
1185 4539 1219 4548 -·

117 4577 148 4642 t)
164 4575 265 4643 Suppla
288 4587 452 4640 corruptions,
475 4580 576 4632 scillcet
601 4583 695 4633 carnis.
730 4579 808 4631 Sirm.
831 4594 879 4646 pro
903 4577 1063 4630 contendero
1085 4578 1227 4629 substituit·

142 4654 305 4709 contenttont,
323 4649 431 4702 Laland.
450 4659 621 4712 cmpnnottont.
658 4679 693 4690 --
735 4653 764 4716 ἰ
782 4665 831 4701 non
849 4649 924 4701 deest
940 4646 968 4700 in
986 4661 1048 4699 mss.
1082 4673 1117 4688 -
