<?xml version="1.0" encoding="UTF-8"?>
<!DOCTYPE html PUBLIC "-//W3C//DTD XHTML 1.0 Transitional//EN"
    "http://www.w3.org/TR/xhtml1/DTD/xhtml1-transitional.dtd">
<html xmlns="http://www.w3.org/1999/xhtml" xml:lang="en" lang="en">
 <head>
  <title>
</title>
<meta http-equiv="Content-Type" content="text/html;charset=utf-8" />
  <meta name='ocr-system' content='tesseract 3.04.00' />
  <meta name='ocr-capabilities' content='ocr_page ocr_carea ocr_par ocr_line ocrx_word'/>
</head>
<body>
  <div class='ocr_page' id='page_1' title='image "./canonesapostolo01brungoog_0107.png"; bbox 0 0 2858 5036; ppageno 0'>
   <div class='ocr_carea' id='block_1_1' title="bbox 386 220 1275 352">
    <p class='ocr_par' dir='ltr' id='par_1_1' title="bbox 386 220 1275 352">
     <span class='ocr_line' id='line_1_1' title="bbox 386 220 1275 352; baseline 0.004 -12"><span class='ocrx_word' id='word_1_1' title='bbox 386 233 628 352; x_wconf 80' lang='lat' dir='ltr'><strong>coucmruu</strong></span> <span class='ocrx_word' id='word_1_2' title='bbox 647 220 937 348; x_wconf 74' lang='lat' dir='ltr'><strong>utrummusu.</strong></span> <span class='ocrx_word' id='word_1_3' title='bbox 1144 287 1146 295; x_wconf 36' lang='lat'>⁸</span> <span class='ocrx_word' id='word_1_4' title='bbox 1191 271 1275 344; x_wconf 57' lang='lat' dir='ltr'><strong>or*</strong></span> 
     </span>
    </p>
   </div>
   <div class='ocr_carea' id='block_1_2' title="bbox 73 401 1239 529">
    <p class='ocr_par' dir='ltr' id='par_1_2' title="bbox 73 401 1239 529">
     <span class='ocr_line' id='line_1_2' title="bbox 73 401 1239 529; baseline 0.003 -19"><span class='ocrx_word' id='word_1_5' title='bbox 73 465 162 510; x_wconf 79' lang='lat' dir='ltr'><strong>esse</strong></span> <span class='ocrx_word' id='word_1_6' title='bbox 192 443 399 529; x_wconf 83' lang='lat' dir='ltr'><strong>servandum,</strong></span> <span class='ocrx_word' id='word_1_7' title='bbox 433 456 469 510; x_wconf 93' lang='lat' dir='ltr'><strong>ut</strong></span> <span class='ocrx_word' id='word_1_8' title='bbox 497 445 645 529; x_wconf 88' lang='lat' dir='ltr'><strong>quidquid</strong></span> <span class='ocrx_word' id='word_1_9' title='bbox 670 401 865 528; x_wconf 61' lang='lat' dir='ltr'><strong>pecuniane</strong></span> <span class='ocrx_word' id='word_1_10' title='bbox 883 449 1028 514; x_wconf 75' lang='lat' dir='ltr'><strong>fidelibus</strong></span> <span class='ocrx_word' id='word_1_11' title='bbox 1043 450 1079 512; x_wconf 80' lang='lat' dir='ltr'><strong>iri</strong></span> <span class='ocrx_word' id='word_1_12' title='bbox 1098 451 1239 514; x_wconf 83' lang='lat' dir='ltr'><strong>eeclesia</strong></span> 
     </span>
    </p>
   </div>
   <div class='ocr_carea' id='block_1_3' title="bbox 73 533 1349 613">
    <p class='ocr_par' dir='ltr' id='par_1_3' title="bbox 73 533 1349 613">
     <span class='ocr_line' id='line_1_3' title="bbox 73 533 1349 613; baseline 0.003 -18"><span class='ocrx_word' id='word_1_13' title='bbox 73 533 180 596; x_wconf 87' lang='lat' dir='ltr'><strong>fuerit</strong></span> <span class='ocrx_word' id='word_1_14' title='bbox 207 533 360 613; x_wconf 87' lang='lat' dir='ltr'><strong>oblatum,</strong></span> <span class='ocrx_word' id='word_1_15' title='bbox 390 533 524 596; x_wconf 86' lang='lat' dir='ltr'><strong>fideliter</strong></span> <span class='ocrx_word' id='word_1_16' title='bbox 550 533 717 598; x_wconf 73' lang='lat' dir='ltr'><strong>collectum</strong></span> <span class='ocrx_word' id='word_1_17' title='bbox 740 543 871 598; x_wconf 83' lang='lat' dir='ltr'><strong>maneat</strong></span> <span class='ocrx_word' id='word_1_18' title='bbox 895 544 930 598; x_wconf 89' lang='lat' dir='ltr'><strong>et</strong></span> <span class='ocrx_word' id='word_1_19' title='bbox 955 546 1176 598; x_wconf 86' lang='lat' dir='ltr'><strong>conservatum</strong></span> <span class='ocrx_word' id='word_1_20' title='bbox 1203 546 1239 598; x_wconf 65' lang='grc' dir='ltr'><strong>α</strong></span> <span class='ocrx_word' id='word_1_21' title='bbox 1346 548 1349 556; x_wconf 89' lang='grc'><em>·</em></span> 
     </span>
    </p>
   </div>
   <div class='ocr_carea' id='block_1_4' title="bbox 20 611 1314 1280">
    <p class='ocr_par' dir='ltr' id='par_1_4' title="bbox 20 611 1314 1280">
     <span class='ocr_line' id='line_1_4' title="bbox 73 611 1237 703; baseline 0.003 -22"><span class='ocrx_word' id='word_1_22' title='bbox 73 619 220 681; x_wconf 85' lang='lat' dir='ltr'><strong>fideliter</strong></span> <span class='ocrx_word' id='word_1_23' title='bbox 241 616 392 698; x_wconf 85' lang='lat' dir='ltr'><strong>episcopo</strong></span> <span class='ocrx_word' id='word_1_24' title='bbox 412 627 641 700; x_wconf 76' lang='lat' dir='ltr'><strong>praesentetur,</strong></span> <span class='ocrx_word' id='word_1_25' title='bbox 658 619 792 700; x_wconf 77' lang='lat' dir='ltr'><strong>qualiter.</strong></span> <span class='ocrx_word' id='word_1_26' title='bbox 813 611 927 684; x_wconf 84' lang='lat' dir='ltr'><strong>exinde</strong></span> <span class='ocrx_word' id='word_1_27' title='bbox 947 631 1012 684; x_wconf 88' lang='lat' dir='ltr'><strong>tres</strong></span> <span class='ocrx_word' id='word_1_28' title='bbox 1033 622 1237 703; x_wconf 78' lang='lat' dir='ltr'><strong>partes&#39;liaot</strong></span> 
     </span>
     <span class='ocr_line' id='line_1_5' title="bbox 76 703 1238 790; baseline 0.002 -24"><span class='ocrx_word' id='word_1_29' title='bbox 76 703 259 786; x_wconf 75' lang='lat' dir='ltr'><strong>aequales:</strong></span> <span class='ocrx_word' id='word_1_30' title='bbox 288 707 577 785; x_wconf 84' lang='lat' dir='ltr'><strong>unamepiseopu&#39;s</strong></span> <span class='ocrx_word' id='word_1_31' title='bbox 603 704 751 790; x_wconf 24' lang='lat' dir='ltr'><strong>habea-tp</strong></span> <span class='ocrx_word' id='word_1_32' title='bbox 766 706 896 768; x_wconf 80' lang='lat' dir='ltr'><strong>alteram</strong></span> <span class='ocrx_word' id='word_1_33' title='bbox 917 709 1092 790; x_wconf 86' lang='lat' dir='ltr'><strong>presbyteri</strong></span> <span class='ocrx_word' id='word_1_34' title='bbox 1111 716 1146 769; x_wconf 86' lang='lat' dir='ltr'><strong>et</strong></span> <span class='ocrx_word' id='word_1_35' title='bbox 1167 707 1238 770; x_wconf 90' lang='lat' dir='ltr'><strong>dia-</strong></span> 
     </span>
     <span class='ocr_line' id='line_1_6' title="bbox 77 789 1238 874; baseline 0.003 -22"><span class='ocrx_word' id='word_1_36' title='bbox 77 808 187 852; x_wconf 87' lang='lat' dir='ltr'><strong>cones</strong></span> <span class='ocrx_word' id='word_1_37' title='bbox 207 789 282 853; x_wconf 91' lang='lat' dir='ltr'><strong>inibi</strong></span> <span class='ocrx_word' id='word_1_38' title='bbox 300 789 522 853; x_wconf 81' lang='lat' dir='ltr'><strong>deservientes</strong></span> <span class='ocrx_word' id='word_1_39' title='bbox 543 799 788 870; x_wconf 86' lang='lat' dir='ltr'><strong>consequantur,</strong></span> <span class='ocrx_word' id='word_1_40' title='bbox 810 799 843 852; x_wconf 89' lang='lat' dir='ltr'><strong>et</strong></span> <span class='ocrx_word' id='word_1_41' title='bbox 863 793 946 854; x_wconf 87' lang='lat' dir='ltr'><strong>inter</strong></span> <span class='ocrx_word' id='word_1_42' title='bbox 965 812 1017 873; x_wconf 85' lang='lat' dir='ltr'><strong>se,</strong></span> <span class='ocrx_word' id='word_1_43' title='bbox 1044 801 1080 853; x_wconf 90' lang='lat' dir='ltr'><strong>ut</strong></span> <span class='ocrx_word' id='word_1_44' title='bbox 1101 793 1238 874; x_wconf 78' lang='lat' dir='ltr'><strong>dignitas</strong></span> 
     </span>
     <span class='ocr_line' id='line_1_7' title="bbox 81 874 1238 958; baseline 0.002 -20"><span class='ocrx_word' id='word_1_45' title='bbox 81 884 121 938; x_wconf 90' lang='lat' dir='ltr'><strong>et</strong></span> <span class='ocrx_word' id='word_1_46' title='bbox 143 874 218 938; x_wconf 81' lang='lat' dir='ltr'><strong>ordo</strong></span> <span class='ocrx_word' id='word_1_47' title='bbox 240 874 436 957; x_wconf 81' lang='lat' dir='ltr'><strong>poposcerit,</strong></span> <span class='ocrx_word' id='word_1_48' title='bbox 457 874 617 958; x_wconf 78' lang='lat' dir='ltr'><strong>dividant3</strong></span> <span class='ocrx_word' id='word_1_49' title='bbox 642 876 736 940; x_wconf 88' lang='lat' dir='ltr'><strong>tertia</strong></span> <span class='ocrx_word' id='word_1_50' title='bbox 756 895 832 938; x_wconf 87' lang='lat' dir='ltr'><strong>vero</strong></span> <span class='ocrx_word' id='word_1_51' title='bbox 851 877 1093 942; x_wconf 82' lang='lat' dir='ltr'><strong>subdiaconibus</strong></span> <span class='ocrx_word' id='word_1_52' title='bbox 1113 887 1148 940; x_wconf 88' lang='lat' dir='ltr'><strong>et</strong></span> <span class='ocrx_word' id='word_1_53' title='bbox 1167 879 1238 940; x_wconf 89' lang='lat' dir='ltr'><strong>cle·-</strong></span> 
     </span>
     <span class='ocr_line' id='line_1_8' title="bbox 20 957 1314 1043; baseline 0.005 -21"><span class='ocrx_word' id='word_1_54' title='bbox 20 1030 23 1038; x_wconf 34' lang='lat'><strong>,</strong></span> <span class='ocrx_word' id='word_1_55' title='bbox 81 961 163 1022; x_wconf 89' lang='lat' dir='ltr'><strong>rieis</strong></span> <span class='ocrx_word' id='word_1_56' title='bbox 182 957 351 1041; x_wconf 86' lang='lat' dir='ltr'><strong>tribuatur,</strong></span> <span class='ocrx_word' id='word_1_57' title='bbox 376 971 412 1022; x_wconf 88' lang='lat' dir='ltr'><strong>ut</strong></span> <span class='ocrx_word' id='word_1_58' title='bbox 434 981 454 1025; x_wconf 90' lang='lat' dir='ltr'><strong>a</strong></span> <span class='ocrx_word' id='word_1_59' title='bbox 474 961 664 1042; x_wconf 86' lang='lat' dir='ltr'><strong>primiclero,</strong></span> <span class='ocrx_word' id='word_1_60' title='bbox 689 959 784 1040; x_wconf 80' lang='lat' dir='ltr'><strong>juxta</strong></span> <span class='ocrx_word' id='word_1_61' title='bbox 801 962 887 1041; x_wconf 86' lang='lat' dir='ltr'><strong>quod</strong></span> <span class='ocrx_word' id='word_1_62' title='bbox 908 964 938 1024; x_wconf 88' lang='lat' dir='ltr'><strong>in</strong></span> <span class='ocrx_word' id='word_1_63' title='bbox 960 963 1063 1026; x_wconf 87' lang='lat' dir='ltr'><strong>officio</strong></span> <span class='ocrx_word' id='word_1_64' title='bbox 1084 983 1141 1024; x_wconf 88' lang='lat' dir='ltr'><strong>eos</strong></span> <span class='ocrx_word' id='word_1_65' title='bbox 1163 983 1238 1043; x_wconf 63' lang='lat' dir='ltr'><strong>pere</strong></span> <span class='ocrx_word' id='word_1_66' title='bbox 1306 995 1314 1000; x_wconf 93' lang='lat'>·</span> 
     </span>
     <span class='ocr_line' id='line_1_9' title="bbox 79 1037 1238 1128; baseline 0.005 -22"><span class='ocrx_word' id='word_1_67' title='bbox 79 1043 184 1126; x_wconf 85' lang='lat' dir='ltr'><strong>spicit</strong></span> <span class='ocrx_word' id='word_1_68' title='bbox 199 1037 242 1123; x_wconf 81' lang='grc' dir='ltr'><strong>ι)’</strong></span> <span class='ocrx_word' id='word_1_69' title='bbox 255 1064 330 1108; x_wconf 87' lang='lat' dir='ltr'><strong>esse</strong></span> <span class='ocrx_word' id='word_1_70' title='bbox 349 1043 506 1126; x_wconf 90' lang='lat' dir='ltr'><strong>intentos,</strong></span> <span class='ocrx_word' id='word_1_71' title='bbox 531 1044 577 1108; x_wconf 90' lang='lat' dir='ltr'><strong>ita</strong></span> <span class='ocrx_word' id='word_1_72' title='bbox 598 1047 733 1128; x_wconf 84' lang='lat' dir='ltr'><strong>siugulis</strong></span> <span class='ocrx_word' id='word_1_73' title='bbox 754 1047 962 1128; x_wconf 67' lang='lat' dir='ltr'><strong>dispensetur.</strong></span> <span class='ocrx_word' id='word_1_74' title='bbox 1004 1049 1120 1110; x_wconf 86' lang='lat' dir='ltr'><strong>Similis</strong></span> <span class='ocrx_word' id='word_1_75' title='bbox 1140 1050 1238 1112; x_wconf 80' lang='lat' dir='ltr'><strong>forma</strong></span> 
     </span>
     <span class='ocr_line' id='line_1_10' title="bbox 81 1129 1238 1279; baseline 0.003 -87"><span class='ocrx_word' id='word_1_76' title='bbox 81 1139 120 1192; x_wconf 90' lang='lat' dir='ltr'><strong>et</strong></span> <span class='ocrx_word' id='word_1_77' title='bbox 149 1129 190 1192; x_wconf 93' lang='lat' dir='ltr'><strong>de</strong></span> <span class='ocrx_word' id='word_1_78' title='bbox 221 1130 432 1279; x_wconf 70' lang='lat' dir='ltr'><strong>perdebitanis</strong></span> <span class='ocrx_word' id='word_1_79' title='bbox 456 1132 649 1214; x_wconf 87' lang='lat' dir='ltr'><strong>presbyteris</strong></span> <span class='ocrx_word' id='word_1_80' title='bbox 677 1132 886 1202; x_wconf 77' lang='lat' dir='ltr'><strong>iu‚ecelesiis</strong></span> <span class='ocrx_word' id='word_1_81' title='bbox 905 1134 967 1196; x_wconf 88' lang='lat' dir='ltr'><strong>illis</strong></span> <span class='ocrx_word' id='word_1_82' title='bbox 988 1153 1008 1196; x_wconf 87' lang='lat' dir='ltr'><strong>a</strong></span> <span class='ocrx_word' id='word_1_83' title='bbox 1028 1134 1088 1196; x_wconf 90' lang='lat' dir='ltr'><strong>deo</strong></span> <span class='ocrx_word' id='word_1_84' title='bbox 1110 1133 1238 1198; x_wconf 85' lang='lat' dir='ltr'><strong>creditis</strong></span> 
     </span>
     <span class='ocr_line' id='line_1_11' title="bbox 77 1216 371 1280; baseline 0.007 -2"><span class='ocrx_word' id='word_1_85' title='bbox 77 1216 145 1278; x_wconf 87' lang='lat' dir='ltr'><strong>erit</strong></span> <span class='ocrx_word' id='word_1_86' title='bbox 165 1233 280 1278; x_wconf 85' lang='lat' dir='ltr'><strong>servan</strong></span> <span class='ocrx_word' id='word_1_87' title='bbox 303 1235 332 1280; x_wconf 88' lang='lat' dir='ltr'><strong>a.</strong></span> <span class='ocrx_word' id='word_1_88' title='bbox 369 1218 371 1222; x_wconf 82' lang='grc'><strong>’</strong></span> 
     </span>
    </p>
   </div>
   <div class='ocr_carea' id='block_1_5' title="bbox 85 1341 1241 2384">
    <p class='ocr_par' dir='ltr' id='par_1_5' title="bbox 95 1341 1227 1602">
     <span class='ocr_line' id='line_1_12' title="bbox 95 1341 1227 1430; baseline 0.004 -24"><span class='ocrx_word' id='word_1_89' title='bbox 95 1343 175 1407; x_wconf 85' lang='lat' dir='ltr'><strong>XV.</strong></span> <span class='ocrx_word' id='word_1_90' title='bbox 212 1341 256 1404; x_wconf 77' lang='lat' dir='ltr'><strong>ut</strong></span> <span class='ocrx_word' id='word_1_91' title='bbox 277 1345 417 1426; x_wconf 79' lang='lat' dir='ltr'><strong>episcopi</strong></span> <span class='ocrx_word' id='word_1_92' title='bbox 437 1351 533 1426; x_wconf 79' lang='lat' dir='ltr'><strong>atque</strong></span> <span class='ocrx_word' id='word_1_93' title='bbox 547 1343 729 1426; x_wconf 75' lang='lat' dir='ltr'><strong>prerbyteri</strong></span> <span class='ocrx_word' id='word_1_94' title='bbox 742 1366 804 1426; x_wconf 83' lang='lat' dir='ltr'><strong>pro</strong></span> <span class='ocrx_word' id='word_1_95' title='bbox 825 1347 976 1430; x_wconf 74' lang='lat' dir='ltr'><strong>gracidus</strong></span> <span class='ocrx_word' id='word_1_96' title='bbox 999 1341 1119 1423; x_wconf 79' lang='lat' dir='ltr'><strong>causis,</strong></span> <span class='ocrx_word' id='word_1_97' title='bbox 1143 1351 1227 1430; x_wconf 82' lang='lat' dir='ltr'><strong>qood</strong></span> 
     </span>
     <span class='ocr_line' id='line_1_13' title="bbox 98 1424 1223 1522; baseline 0.004 -31"><span class='ocrx_word' id='word_1_98' title='bbox 98 1430 207 1512; x_wconf 82' lang='lat' dir='ltr'><strong>legum</strong></span> <span class='ocrx_word' id='word_1_99' title='bbox 234 1429 390 1491; x_wconf 81' lang='lat' dir='ltr'><strong>damnant</strong></span> <span class='ocrx_word' id='word_1_100' title='bbox 417 1433 617 1510; x_wconf 79' lang='lat' dir='ltr'><strong>sententiae,</strong></span> <span class='ocrx_word' id='word_1_101' title='bbox 646 1433 722 1492; x_wconf 81' lang='lat' dir='ltr'><strong>eine</strong></span> <span class='ocrx_word' id='word_1_102' title='bbox 733 1424 861 1522; x_wconf 70' lang='lat' dir='ltr'><strong>judicie</strong></span> <span class='ocrx_word' id='word_1_103' title='bbox 891 1436 1036 1498; x_wconf 72' lang='lat' dir='ltr'><strong>ceornr&#39;ne</strong></span> <span class='ocrx_word' id='word_1_104' title='bbox 1057 1435 1223 1516; x_wconf 76' lang='lat' dir='ltr'><strong>familiam</strong></span> 
     </span>
     <span class='ocr_line' id='line_1_14' title="bbox 371 1514 953 1602; baseline 0.007 -25"><span class='ocrx_word' id='word_1_105' title='bbox 371 1514 522 1578; x_wconf 75' lang='lat' dir='ltr'><strong>ecclesiae</strong></span> <span class='ocrx_word' id='word_1_106' title='bbox 542 1535 606 1578; x_wconf 79' lang='lat' dir='ltr'><strong>noo</strong></span> <span class='ocrx_word' id='word_1_107' title='bbox 626 1516 762 1581; x_wconf 78' lang='lat' dir='ltr'><strong>debeant</strong></span> <span class='ocrx_word' id='word_1_108' title='bbox 783 1519 953 1602; x_wconf 59' lang='lat' dir='ltr'><strong>extirpare.</strong></span> 
     </span>
    </p>

    <p class='ocr_par' dir='ltr' id='par_1_6' title="bbox 85 1609 1241 2384">
     <span class='ocr_line' id='line_1_15' title="bbox 175 1609 1239 1704; baseline 0.006 -24"><span class='ocrx_word' id='word_1_109' title='bbox 175 1616 213 1680; x_wconf 87' lang='lat' dir='ltr'><strong>Si</strong></span> <span class='ocrx_word' id='word_1_110' title='bbox 242 1618 361 1700; x_wconf 85' lang='lat' dir='ltr'><strong>regalis</strong></span> <span class='ocrx_word' id='word_1_111' title='bbox 389 1621 495 1699; x_wconf 89' lang='lat' dir='ltr'><strong>pietas</strong></span> <span class='ocrx_word' id='word_1_112' title='bbox 525 1638 580 1698; x_wconf 90' lang='lat' dir='ltr'><strong>pro</strong></span> <span class='ocrx_word' id='word_1_113' title='bbox 611 1611 717 1682; x_wconf 83' lang='lat' dir='ltr'><strong>salute</strong></span> <span class='ocrx_word' id='word_1_114' title='bbox 746 1615 902 1683; x_wconf 84' lang='lat' dir='ltr'><strong>bominum</strong></span> <span class='ocrx_word' id='word_1_115' title='bbox 917 1622 951 1701; x_wconf 84' lang='lat'><strong>²)</strong></span> <span class='ocrx_word' id='word_1_116' title='bbox 981 1642 1105 1685; x_wconf 85' lang='lat' dir='ltr'><strong>suarum</strong></span> <span class='ocrx_word' id='word_1_117' title='bbox 1130 1609 1239 1704; x_wconf 76' lang='lat' dir='ltr'><strong>legum</strong></span> 
     </span>
     <span class='ocr_line' id='line_1_16' title="bbox 85 1702 1238 1790; baseline 0.001 -24"><span class='ocrx_word' id='word_1_118' title='bbox 85 1702 219 1786; x_wconf 84' lang='lat' dir='ltr'><strong>dignata</strong></span> <span class='ocrx_word' id='word_1_119' title='bbox 240 1713 289 1766; x_wconf 91' lang='lat' dir='ltr'><strong>est</strong></span> <span class='ocrx_word' id='word_1_120' title='bbox 311 1723 426 1784; x_wconf 90' lang='lat' dir='ltr'><strong>ponere</strong></span> <span class='ocrx_word' id='word_1_121' title='bbox 449 1704 595 1784; x_wconf 88' lang='lat' dir='ltr'><strong>decreta,</strong></span> <span class='ocrx_word' id='word_1_122' title='bbox 615 1707 802 1790; x_wconf 81' lang='lat' dir='ltr'><strong>curreiigio</strong></span> <span class='ocrx_word' id='word_1_123' title='bbox 824 1716 938 1770; x_wconf 79' lang='lat' dir='ltr'><strong>saneta</strong></span> <span class='ocrx_word' id='word_1_124' title='bbox 958 1707 1137 1788; x_wconf 88' lang='lat' dir='ltr'><strong>persancti</strong></span> <span class='ocrx_word' id='word_1_125' title='bbox 1158 1727 1238 1769; x_wconf 87' lang='lat' dir='ltr'><strong>con-</strong></span> 
     </span>
     <span class='ocr_line' id='line_1_17' title="bbox 86 1789 1239 1873; baseline -0.003 -19"><span class='ocrx_word' id='word_1_126' title='bbox 86 1789 152 1854; x_wconf 87' lang='lat' dir='ltr'><strong>eilii</strong></span> <span class='ocrx_word' id='word_1_127' title='bbox 185 1789 322 1850; x_wconf 87' lang='lat' dir='ltr'><strong>ordinem</strong></span> <span class='ocrx_word' id='word_1_128' title='bbox 345 1809 410 1850; x_wconf 86' lang='lat' dir='ltr'><strong>non</strong></span> <span class='ocrx_word' id='word_1_129' title='bbox 437 1789 553 1852; x_wconf 91' lang='lat' dir='ltr'><strong>habeat</strong></span> <span class='ocrx_word' id='word_1_130' title='bbox 579 1791 723 1854; x_wconf 85' lang='lat' dir='ltr'><strong>instituta</strong></span> <span class='ocrx_word' id='word_1_131' title='bbox 748 1811 830 1873; x_wconf 91' lang='lat' dir='ltr'><strong>quae</strong></span> <span class='ocrx_word' id='word_1_132' title='bbox 860 1794 983 1854; x_wconf 88' lang='lat' dir='ltr'><strong>omnino</strong></span> <span class='ocrx_word' id='word_1_133' title='bbox 1016 1794 1132 1855; x_wconf 83' lang='lat' dir='ltr'><strong>debent</strong></span> <span class='ocrx_word' id='word_1_134' title='bbox 1165 1811 1239 1852; x_wconf 87' lang='lat' dir='ltr'><strong>esse</strong></span> 
     </span>
     <span class='ocr_line' id='line_1_18' title="bbox 87 1870 1240 1958; baseline -0.003 -19"><span class='ocrx_word' id='word_1_135' title='bbox 87 1870 264 1939; x_wconf 70' lang='lat' dir='ltr'><strong>cavenda?</strong></span> <span class='ocrx_word' id='word_1_136' title='bbox 308 1873 446 1954; x_wconf 84' lang='lat' dir='ltr'><strong>ideoque</strong></span> <span class='ocrx_word' id='word_1_137' title='bbox 480 1875 599 1956; x_wconf 79' lang='lat' dir='ltr'><strong>placuit</strong></span> <span class='ocrx_word' id='word_1_138' title='bbox 629 1876 704 1940; x_wconf 91' lang='lat' dir='ltr'><strong>huic</strong></span> <span class='ocrx_word' id='word_1_139' title='bbox 736 1885 849 1940; x_wconf 87' lang='lat' dir='ltr'><strong>sancto</strong></span> <span class='ocrx_word' id='word_1_140' title='bbox 882 1879 1034 1958; x_wconf 86' lang='lat' dir='ltr'><strong>concilio,</strong></span> <span class='ocrx_word' id='word_1_141' title='bbox 1069 1886 1106 1938; x_wconf 88' lang='lat' dir='ltr'><strong>ut</strong></span> <span class='ocrx_word' id='word_1_142' title='bbox 1140 1877 1240 1937; x_wconf 90' lang='lat' dir='ltr'><strong>omnis</strong></span> 
     </span>
     <span class='ocr_line' id='line_1_19' title="bbox 86 1958 1241 2043; baseline 0 -21"><span class='ocrx_word' id='word_1_143' title='bbox 86 1969 234 2043; x_wconf 89' lang='lat' dir='ltr'><strong>potestas</strong></span> <span class='ocrx_word' id='word_1_144' title='bbox 256 1958 445 2039; x_wconf 82' lang='lat' dir='ltr'><strong>episcopalis</strong></span> <span class='ocrx_word' id='word_1_145' title='bbox 465 1958 591 2021; x_wconf 90' lang='lat' dir='ltr'><strong>modum</strong></span> <span class='ocrx_word' id='word_1_146' title='bbox 611 1979 689 2023; x_wconf 88' lang='lat' dir='ltr'><strong>suae</strong></span> <span class='ocrx_word' id='word_1_147' title='bbox 709 1971 806 2040; x_wconf 85' lang='lat' dir='ltr'><strong>ponat</strong></span> <span class='ocrx_word' id='word_1_148' title='bbox 826 1963 908 2042; x_wconf 92' lang='lat' dir='ltr'><strong>irae,</strong></span> <span class='ocrx_word' id='word_1_149' title='bbox 937 1982 998 2025; x_wconf 89' lang='lat' dir='ltr'><strong>nec</strong></span> <span class='ocrx_word' id='word_1_150' title='bbox 1024 1983 1079 2042; x_wconf 90' lang='lat' dir='ltr'><strong>pro</strong></span> <span class='ocrx_word' id='word_1_151' title='bbox 1101 1958 1241 2042; x_wconf 90' lang='lat' dir='ltr'><strong>quolibet</strong></span> 
     </span>
     <span class='ocr_line' id='line_1_20' title="bbox 87 2039 1240 2127; baseline -0.002 -18"><span class='ocrx_word' id='word_1_152' title='bbox 87 2064 231 2109; x_wconf 84' lang='lat' dir='ltr'><strong>excessu</strong></span> <span class='ocrx_word' id='word_1_153' title='bbox 258 2039 387 2106; x_wconf 77' lang='lat' dir='ltr'><strong>cuilibet</strong></span> <span class='ocrx_word' id='word_1_154' title='bbox 416 2063 457 2106; x_wconf 89' lang='lat' dir='ltr'><strong>ex</strong></span> <span class='ocrx_word' id='word_1_155' title='bbox 486 2043 601 2106; x_wconf 88' lang='lat' dir='ltr'><strong>familia</strong></span> <span class='ocrx_word' id='word_1_156' title='bbox 631 2046 792 2126; x_wconf 84' lang='lat' dir='ltr'><strong>ecclesiae</strong></span> <span class='ocrx_word' id='word_1_157' title='bbox 817 2046 942 2127; x_wconf 86' lang='lat' dir='ltr'><strong>aliquod</strong></span> <span class='ocrx_word' id='word_1_158' title='bbox 972 2048 1109 2126; x_wconf 86' lang='lat' dir='ltr'><strong>eorporis</strong></span> <span class='ocrx_word' id='word_1_159' title='bbox 1136 2063 1240 2107; x_wconf 86' lang='lat' dir='ltr'><strong>mem-</strong></span> 
     </span>
     <span class='ocr_line' id='line_1_21' title="bbox 88 2125 1240 2211; baseline 0 -17"><span class='ocrx_word' id='word_1_160' title='bbox 88 2135 213 2198; x_wconf 89' lang='lat' dir='ltr'><strong>brorum</strong></span> <span class='ocrx_word' id='word_1_161' title='bbox 234 2149 294 2192; x_wconf 92' lang='lat' dir='ltr'><strong>sua</strong></span> <span class='ocrx_word' id='word_1_162' title='bbox 314 2129 507 2192; x_wconf 87' lang='lat' dir='ltr'><strong>ordinatione</strong></span> <span class='ocrx_word' id='word_1_163' title='bbox 527 2137 707 2210; x_wconf 81' lang='lat' dir='ltr'><strong>praesumat</strong></span> <span class='ocrx_word' id='word_1_164' title='bbox 727 2125 883 2211; x_wconf 77' lang='lat' dir='ltr'><strong>extirpare</strong></span> <span class='ocrx_word' id='word_1_165' title='bbox 904 2141 959 2194; x_wconf 90' lang='lat' dir='ltr'><strong>aut</strong></span> <span class='ocrx_word' id='word_1_166' title='bbox 980 2133 1108 2194; x_wconf 87' lang='lat' dir='ltr'><strong>auferre.</strong></span> <span class='ocrx_word' id='word_1_167' title='bbox 1147 2131 1240 2209; x_wconf 79' lang='lat' dir='ltr'><strong>Quod</strong></span> 
     </span>
     <span class='ocr_line' id='line_1_22' title="bbox 89 2215 1240 2303; baseline -0.001 -24"><span class='ocrx_word' id='word_1_168' title='bbox 89 2220 119 2280; x_wconf 90' lang='lat' dir='ltr'><strong>si</strong></span> <span class='ocrx_word' id='word_1_169' title='bbox 147 2217 221 2278; x_wconf 85' lang='lat' dir='ltr'><strong>talis</strong></span> <span class='ocrx_word' id='word_1_170' title='bbox 248 2217 410 2303; x_wconf 71' lang='lat' dir='ltr'><strong>emerserit</strong></span> <span class='ocrx_word' id='word_1_171' title='bbox 437 2216 544 2296; x_wconf 86' lang='lat' dir='ltr'><strong>eulpa,</strong></span> <span class='ocrx_word' id='word_1_172' title='bbox 575 2215 730 2279; x_wconf 85' lang='lat' dir='ltr'><strong>advocato</strong></span> <span class='ocrx_word' id='word_1_173' title='bbox 752 2215 1022 2297; x_wconf 83' lang='lat' dir='ltr'><strong>judieecivitatis</strong></span> <span class='ocrx_word' id='word_1_174' title='bbox 1044 2218 1084 2280; x_wconf 90' lang='lat' dir='ltr'><strong>ad</strong></span> <span class='ocrx_word' id='word_1_175' title='bbox 1106 2237 1240 2298; x_wconf 82' lang='lat' dir='ltr'><strong>examen</strong></span> 
     </span>
     <span class='ocr_line' id='line_1_23' title="bbox 91 2300 1239 2384; baseline -0.001 -20"><span class='ocrx_word' id='word_1_176' title='bbox 91 2302 164 2383; x_wconf 89' lang='lat' dir='ltr'><strong>ejus</strong></span> <span class='ocrx_word' id='word_1_177' title='bbox 194 2301 365 2364; x_wconf 82' lang='lat' dir='ltr'><strong>deducatur</strong></span> <span class='ocrx_word' id='word_1_178' title='bbox 391 2300 474 2381; x_wconf 91' lang='lat' dir='ltr'><strong>quod</strong></span> <span class='ocrx_word' id='word_1_179' title='bbox 500 2302 617 2363; x_wconf 87' lang='lat' dir='ltr'><strong>factum</strong></span> <span class='ocrx_word' id='word_1_180' title='bbox 637 2302 737 2364; x_wconf 87' lang='lat' dir='ltr'><strong>fuisse</strong></span> <span class='ocrx_word' id='word_1_181' title='bbox 758 2305 916 2367; x_wconf 85' lang='lat' dir='ltr'><strong>asseritur.</strong></span> <span class='ocrx_word' id='word_1_182' title='bbox 957 2305 1001 2366; x_wconf 80' lang='lat' dir='ltr'><strong>m</strong></span> <span class='ocrx_word' id='word_1_183' title='bbox 1022 2305 1095 2384; x_wconf 90' lang='lat' dir='ltr'><strong>quia</strong></span> <span class='ocrx_word' id='word_1_184' title='bbox 1116 2304 1239 2364; x_wconf 88' lang='lat' dir='ltr'><strong>omnino</strong></span> 
     </span>
    </p>
   </div>
   <div class='ocr_carea' id='block_1_6' title="bbox 86 2385 1356 2471">
    <p class='ocr_par' dir='ltr' id='par_1_7' title="bbox 86 2385 1356 2471">
     <span class='ocr_line' id='line_1_24' title="bbox 86 2385 1356 2471; baseline -0.001 -22"><span class='ocrx_word' id='word_1_185' title='bbox 86 2388 208 2471; x_wconf 88' lang='lat' dir='ltr'><strong>justum</strong></span> <span class='ocrx_word' id='word_1_186' title='bbox 237 2395 317 2465; x_wconf 68' lang='lat' dir='ltr'><strong>est„</strong></span> <span class='ocrx_word' id='word_1_187' title='bbox 334 2393 371 2446; x_wconf 90' lang='lat' dir='ltr'><strong>ut</strong></span> <span class='ocrx_word' id='word_1_188' title='bbox 392 2387 534 2465; x_wconf 83' lang='lat' dir='ltr'><strong>pontifex</strong></span> <span class='ocrx_word' id='word_1_189' title='bbox 560 2385 777 2450; x_wconf 86' lang='lat' dir='ltr'><strong>saevissimam</strong></span> <span class='ocrx_word' id='word_1_190' title='bbox 792 2409 860 2450; x_wconf 87' lang='lat' dir='ltr'><strong>non</strong></span> <span class='ocrx_word' id='word_1_191' title='bbox 881 2390 1040 2470; x_wconf 90' lang='lat' dir='ltr'><strong>impendat</strong></span> <span class='ocrx_word' id='word_1_192' title='bbox 1059 2390 1239 2466; x_wconf 85' lang='lat' dir='ltr'><strong>vindictam,</strong></span> <span class='ocrx_word' id='word_1_193' title='bbox 1281 2385 1283 2390; x_wconf 79' lang='grc'><strong>’</strong></span> <span class='ocrx_word' id='word_1_194' title='bbox 1351 2399 1356 2409; x_wconf 85' lang='grc'><em>·</em></span> 
     </span>
    </p>
   </div>
   <div class='ocr_carea' id='block_1_7' title="bbox 16 2470 1327 4002">
    <p class='ocr_par' dir='ltr' id='par_1_8' title="bbox 16 2470 1327 4002">
     <span class='ocr_line' id='line_1_25' title="bbox 91 2470 1240 2555; baseline 0 -21"><span class='ocrx_word' id='word_1_195' title='bbox 91 2473 241 2555; x_wconf 87' lang='lat' dir='ltr'><strong>quidquid</strong></span> <span class='ocrx_word' id='word_1_196' title='bbox 263 2488 366 2548; x_wconf 82' lang='lat' dir='ltr'><strong>coram</strong></span> <span class='ocrx_word' id='word_1_197' title='bbox 382 2470 491 2550; x_wconf 90' lang='lat' dir='ltr'><strong>judice</strong></span> <span class='ocrx_word' id='word_1_198' title='bbox 509 2474 616 2534; x_wconf 89' lang='lat' dir='ltr'><strong>verius</strong></span> <span class='ocrx_word' id='word_1_199' title='bbox 637 2473 774 2553; x_wconf 89' lang='lat' dir='ltr'><strong>patuerit</strong></span> <span class='ocrx_word' id='word_1_200' title='bbox 794 2493 851 2554; x_wconf 93' lang='lat' dir='ltr'><strong>per</strong></span> <span class='ocrx_word' id='word_1_201' title='bbox 871 2473 1053 2554; x_wconf 88' lang='lat' dir='ltr'><strong>disciplinae</strong></span> <span class='ocrx_word' id='word_1_202' title='bbox 1081 2475 1240 2535; x_wconf 81' lang='lat' dir='ltr'><strong>severita-</strong></span> 
     </span>
     <span class='ocr_line' id='line_1_26' title="bbox 91 2555 1241 2638; baseline -0.003 -17"><span class='ocrx_word' id='word_1_203' title='bbox 91 2568 157 2621; x_wconf 91' lang='lat' dir='ltr'><strong>tem</strong></span> <span class='ocrx_word' id='word_1_204' title='bbox 179 2560 299 2638; x_wconf 88' lang='lat' dir='ltr'><strong>absque</strong></span> <span class='ocrx_word' id='word_1_205' title='bbox 321 2557 402 2636; x_wconf 89' lang='lat' dir='ltr'><strong>turpi</strong></span> <span class='ocrx_word' id='word_1_206' title='bbox 422 2557 640 2618; x_wconf 88' lang='lat' dir='ltr'><strong>decalvatione</strong></span> <span class='ocrx_word' id='word_1_207' title='bbox 660 2567 786 2619; x_wconf 86' lang='lat' dir='ltr'><strong>maneat</strong></span> <span class='ocrx_word' id='word_1_208' title='bbox 807 2555 1022 2638; x_wconf 87' lang='lat' dir='ltr'><strong>emendatum,</strong></span> <span class='ocrx_word' id='word_1_209' title='bbox 1049 2567 1082 2619; x_wconf 93' lang='lat' dir='ltr'><strong>et</strong></span> <span class='ocrx_word' id='word_1_210' title='bbox 1109 2559 1148 2618; x_wconf 88' lang='lat' dir='ltr'><strong>ab</strong></span> <span class='ocrx_word' id='word_1_211' title='bbox 1170 2559 1241 2637; x_wconf 89' lang='lat' dir='ltr'><strong>epi·-</strong></span> 
     </span>
     <span class='ocr_line' id='line_1_27' title="bbox 93 2641 1242 2724; baseline -0.006 -17"><span class='ocrx_word' id='word_1_212' title='bbox 93 2663 191 2724; x_wconf 90' lang='lat' dir='ltr'><strong>scopo</strong></span> <span class='ocrx_word' id='word_1_213' title='bbox 212 2663 270 2705; x_wconf 92' lang='lat' dir='ltr'><strong>suo</strong></span> <span class='ocrx_word' id='word_1_214' title='bbox 292 2652 346 2704; x_wconf 90' lang='lat' dir='ltr'><strong>aut</strong></span> <span class='ocrx_word' id='word_1_215' title='bbox 368 2643 502 2704; x_wconf 87' lang='lat' dir='ltr'><strong>donatus</strong></span> <span class='ocrx_word' id='word_1_216' title='bbox 528 2641 673 2702; x_wconf 84' lang='lat' dir='ltr'><strong>fidelibus</strong></span> <span class='ocrx_word' id='word_1_217' title='bbox 697 2643 764 2703; x_wconf 88' lang='lat' dir='ltr'><strong>suis</strong></span> <span class='ocrx_word' id='word_1_218' title='bbox 788 2651 932 2724; x_wconf 89' lang='lat' dir='ltr'><strong>maneat,</strong></span> <span class='ocrx_word' id='word_1_219' title='bbox 952 2645 1012 2722; x_wconf 86' lang='lat' dir='ltr'><strong>qui</strong></span> <span class='ocrx_word' id='word_1_220' title='bbox 1037 2643 1150 2702; x_wconf 90' lang='lat' dir='ltr'><strong>malum</strong></span> <span class='ocrx_word' id='word_1_221' title='bbox 1182 2643 1242 2702; x_wconf 89' lang='lat' dir='ltr'><strong>ali-</strong></span> 
     </span>
     <span class='ocr_line' id='line_1_28' title="bbox 93 2725 1241 2814; baseline -0.003 -23"><span class='ocrx_word' id='word_1_222' title='bbox 93 2730 178 2814; x_wconf 86' lang='lat' dir='ltr'><strong>quod</strong></span> <span class='ocrx_word' id='word_1_223' title='bbox 189 2729 224 2808; x_wconf 80' lang='lat'><strong>³)</strong></span> <span class='ocrx_word' id='word_1_224' title='bbox 246 2729 329 2810; x_wconf 87' lang='lat' dir='ltr'><strong>quod</strong></span> <span class='ocrx_word' id='word_1_225' title='bbox 348 2729 440 2809; x_wconf 87' lang='lat' dir='ltr'><strong>leges</strong></span> <span class='ocrx_word' id='word_1_226' title='bbox 461 2727 607 2809; x_wconf 82' lang='lat' dir='ltr'><strong>graviter</strong></span> <span class='ocrx_word' id='word_1_227' title='bbox 620 2726 768 2789; x_wconf 88' lang='lat' dir='ltr'><strong>damnant</strong></span> <span class='ocrx_word' id='word_1_228' title='bbox 787 2727 929 2812; x_wconf 84' lang='lat' dir='ltr'><strong>admisit,</strong></span> <span class='ocrx_word' id='word_1_229' title='bbox 952 2736 1007 2788; x_wconf 87' lang='lat' dir='ltr'><strong>aut</strong></span> <span class='ocrx_word' id='word_1_230' title='bbox 1028 2725 1193 2806; x_wconf 89' lang='lat' dir='ltr'><strong>abjiciendi</strong></span> <span class='ocrx_word' id='word_1_231' title='bbox 1206 2727 1241 2804; x_wconf 77' lang='lat'><strong>⁴)</strong></span> 
     </span>
     <span class='ocr_line' id='line_1_29' title="bbox 94 2810 1242 2896; baseline -0.003 -19"><span class='ocrx_word' id='word_1_232' title='bbox 94 2835 167 2877; x_wconf 91' lang='lat' dir='ltr'><strong>eum</strong></span> <span class='ocrx_word' id='word_1_233' title='bbox 187 2813 357 2896; x_wconf 86' lang='lat' dir='ltr'><strong>episcopus</strong></span> <span class='ocrx_word' id='word_1_234' title='bbox 377 2811 405 2874; x_wconf 91' lang='lat' dir='ltr'><strong>si</strong></span> <span class='ocrx_word' id='word_1_235' title='bbox 425 2813 559 2873; x_wconf 91' lang='lat' dir='ltr'><strong>voluerit</strong></span> <span class='ocrx_word' id='word_1_236' title='bbox 580 2813 738 2874; x_wconf 85' lang='lat' dir='ltr'><strong>licentiam</strong></span> <span class='ocrx_word' id='word_1_237' title='bbox 757 2812 893 2875; x_wconf 89' lang='lat' dir='ltr'><strong>babebit.</strong></span> <span class='ocrx_word' id='word_1_238' title='bbox 944 2813 1093 2875; x_wconf 90' lang='lat' dir='ltr'><strong>Similiter</strong></span> <span class='ocrx_word' id='word_1_239' title='bbox 1113 2821 1147 2873; x_wconf 89' lang='lat' dir='ltr'><strong>et</strong></span> <span class='ocrx_word' id='word_1_240' title='bbox 1169 2810 1242 2891; x_wconf 90' lang='lat' dir='ltr'><strong>quia</strong></span> 
     </span>
     <span class='ocr_line' id='line_1_30' title="bbox 94 2897 1302 2981; baseline -0.004 -18"><span class='ocrx_word' id='word_1_241' title='bbox 94 2903 300 2981; x_wconf 89' lang='lat' dir='ltr'><strong>comperimus</strong></span> <span class='ocrx_word' id='word_1_242' title='bbox 322 2900 442 2980; x_wconf 91' lang='lat' dir='ltr'><strong>aliquos</strong></span> <span class='ocrx_word' id='word_1_243' title='bbox 462 2899 666 2980; x_wconf 87' lang='lat' dir='ltr'><strong>presbyteros</strong></span> <span class='ocrx_word' id='word_1_244' title='bbox 685 2897 882 2980; x_wconf 83' lang='lat' dir='ltr'><strong>aegritudine</strong></span> <span class='ocrx_word' id='word_1_245' title='bbox 909 2899 1083 2961; x_wconf 89' lang='lat' dir='ltr'><strong>accedente</strong></span> <span class='ocrx_word' id='word_1_246' title='bbox 1108 2897 1242 2960; x_wconf 86' lang='lat' dir='ltr'><strong>familiae</strong></span> <span class='ocrx_word' id='word_1_247' title='bbox 1297 2944 1302 2958; x_wconf 82' lang='grc'><em>,</em></span> 
     </span>
     <span class='ocr_line' id='line_1_31' title="bbox 95 2983 1243 3063; baseline -0.004 -14"><span class='ocrx_word' id='word_1_248' title='bbox 95 2988 253 3050; x_wconf 87' lang='lat' dir='ltr'><strong>eeclesiae</strong></span> <span class='ocrx_word' id='word_1_249' title='bbox 280 3004 359 3047; x_wconf 87' lang='lat' dir='ltr'><strong>suae</strong></span> <span class='ocrx_word' id='word_1_250' title='bbox 385 2985 501 3046; x_wconf 87' lang='lat' dir='ltr'><strong>crimen</strong></span> <span class='ocrx_word' id='word_1_251' title='bbox 528 2985 704 3063; x_wconf 87' lang='lat' dir='ltr'><strong>lmponere,</strong></span> <span class='ocrx_word' id='word_1_252' title='bbox 731 2983 876 3046; x_wconf 86' lang='lat' dir='ltr'><strong>dieentes</strong></span> <span class='ocrx_word' id='word_1_253' title='bbox 897 3003 939 3044; x_wconf 85' lang='lat' dir='ltr'><strong>ex</strong></span> <span class='ocrx_word' id='word_1_254' title='bbox 960 3004 999 3046; x_wconf 90' lang='lat' dir='ltr'><strong>ea</strong></span> <span class='ocrx_word' id='word_1_255' title='bbox 1019 2985 1162 3045; x_wconf 91' lang='lat' dir='ltr'><strong>homines</strong></span> <span class='ocrx_word' id='word_1_256' title='bbox 1183 2985 1243 3044; x_wconf 92' lang='lat' dir='ltr'><strong>ali-</strong></span> 
     </span>
     <span class='ocr_line' id='line_1_32' title="bbox 95 3067 1243 3155; baseline -0.003 -22"><span class='ocrx_word' id='word_1_257' title='bbox 95 3091 175 3155; x_wconf 86' lang='lat' dir='ltr'><strong>quos</strong></span> <span class='ocrx_word' id='word_1_258' title='bbox 203 3071 388 3134; x_wconf 81' lang='lat' dir='ltr'><strong>maleficium</strong></span> <span class='ocrx_word' id='word_1_259' title='bbox 416 3069 476 3130; x_wconf 89' lang='lat' dir='ltr'><strong>sibi</strong></span> <span class='ocrx_word' id='word_1_260' title='bbox 503 3067 620 3131; x_wconf 80' lang='lat' dir='ltr'><strong>fecisse</strong></span> <span class='ocrx_word' id='word_1_261' title='bbox 641 3087 761 3148; x_wconf 86' lang='lat' dir='ltr'><strong>eosque</strong></span> <span class='ocrx_word' id='word_1_262' title='bbox 782 3087 841 3132; x_wconf 86' lang='lat' dir='ltr'><strong>sua</strong></span> <span class='ocrx_word' id='word_1_263' title='bbox 859 3077 1021 3151; x_wconf 88' lang='lat' dir='ltr'><strong>potestate</strong></span> <span class='ocrx_word' id='word_1_264' title='bbox 1043 3078 1186 3149; x_wconf 92' lang='lat' dir='ltr'><strong>torquere</strong></span> <span class='ocrx_word' id='word_1_265' title='bbox 1209 3076 1243 3130; x_wconf 92' lang='lat' dir='ltr'><strong>et</strong></span> 
     </span>
     <span class='ocr_line' id='line_1_33' title="bbox 94 3153 1244 3240; baseline -0.005 -20"><span class='ocrx_word' id='word_1_266' title='bbox 94 3177 152 3240; x_wconf 88' lang='lat' dir='ltr'><strong>per</strong></span> <span class='ocrx_word' id='word_1_267' title='bbox 171 3158 299 3220; x_wconf 87' lang='lat' dir='ltr'><strong>multam</strong></span> <span class='ocrx_word' id='word_1_268' title='bbox 318 3153 511 3234; x_wconf 86' lang='lat' dir='ltr'><strong>impietatem</strong></span> <span class='ocrx_word' id='word_1_269' title='bbox 532 3154 777 3235; x_wconf 87' lang='lat' dir='ltr'><strong>detrimentare„</strong></span> <span class='ocrx_word' id='word_1_270' title='bbox 796 3163 830 3216; x_wconf 90' lang='lat' dir='ltr'><strong>et</strong></span> <span class='ocrx_word' id='word_1_271' title='bbox 855 3156 917 3218; x_wconf 89' lang='lat' dir='ltr'><strong>hoc</strong></span> <span class='ocrx_word' id='word_1_272' title='bbox 941 3155 1097 3218; x_wconf 85' lang='lat' dir='ltr'><strong>emendari</strong></span> <span class='ocrx_word' id='word_1_273' title='bbox 1125 3155 1244 3234; x_wconf 83' lang='lat' dir='ltr'><strong>placuit</strong></span> 
     </span>
     <span class='ocr_line' id='line_1_34' title="bbox 95 3237 1327 3326; baseline -0.003 -22"><span class='ocrx_word' id='word_1_274' title='bbox 95 3263 153 3326; x_wconf 89' lang='lat' dir='ltr'><strong>per</strong></span> <span class='ocrx_word' id='word_1_275' title='bbox 171 3241 389 3306; x_wconf 84' lang='lat' dir='ltr'><strong>rectitudinem</strong></span> <span class='ocrx_word' id='word_1_276' title='bbox 410 3237 502 3318; x_wconf 82' lang='lat' dir='ltr'><strong>hujus</strong></span> <span class='ocrx_word' id='word_1_277' title='bbox 523 3241 709 3310; x_wconf 85' lang='lat' dir='ltr'><strong>sententiae.</strong></span> <span class='ocrx_word' id='word_1_278' title='bbox 748 3241 955 3303; x_wconf 88' lang='lat' dir='ltr'><strong>Instituentes</strong></span> <span class='ocrx_word' id='word_1_279' title='bbox 980 3243 1077 3324; x_wconf 84' lang='lat' dir='ltr'><strong>igitur</strong></span> <span class='ocrx_word' id='word_1_280' title='bbox 1098 3239 1243 3302; x_wconf 90' lang='lat' dir='ltr'><strong>decerni·-</strong></span> <span class='ocrx_word' id='word_1_281' title='bbox 1323 3273 1327 3291; x_wconf 67' lang='grc' dir='ltr'><strong>ι</strong></span> 
     </span>
     <span class='ocr_line' id='line_1_35' title="bbox 96 3323 1244 3407; baseline -0.005 -17"><span class='ocrx_word' id='word_1_282' title='bbox 96 3347 167 3391; x_wconf 90' lang='lat' dir='ltr'><strong>mus</strong></span> <span class='ocrx_word' id='word_1_283' title='bbox 181 3327 233 3407; x_wconf 57' lang='grc' dir='ltr'><strong>ὅ),</strong></span> <span class='ocrx_word' id='word_1_284' title='bbox 254 3335 290 3388; x_wconf 90' lang='lat' dir='ltr'><strong>ut</strong></span> <span class='ocrx_word' id='word_1_285' title='bbox 311 3323 341 3389; x_wconf 87' lang='lat' dir='ltr'><strong>si</strong></span> <span class='ocrx_word' id='word_1_286' title='bbox 360 3326 525 3406; x_wconf 87' lang='lat' dir='ltr'><strong>presbyter</strong></span> <span class='ocrx_word' id='word_1_287' title='bbox 544 3326 618 3387; x_wconf 88' lang='lat' dir='ltr'><strong>talia</strong></span> <span class='ocrx_word' id='word_1_288' title='bbox 639 3326 705 3405; x_wconf 86' lang='lat' dir='ltr'><strong>pati</strong></span> <span class='ocrx_word' id='word_1_289' title='bbox 724 3343 762 3388; x_wconf 91' lang='lat' dir='ltr'><strong>se</strong></span> <span class='ocrx_word' id='word_1_290' title='bbox 783 3326 911 3406; x_wconf 83' lang='lat' dir='ltr'><strong>dixerit,</strong></span> <span class='ocrx_word' id='word_1_291' title='bbox 938 3326 977 3387; x_wconf 91' lang='lat' dir='ltr'><strong>ad</strong></span> <span class='ocrx_word' id='word_1_292' title='bbox 1000 3343 1099 3387; x_wconf 81' lang='lat' dir='ltr'><strong>aures</strong></span> <span class='ocrx_word' id='word_1_293' title='bbox 1112 3325 1175 3386; x_wconf 91' lang='lat' dir='ltr'><strong>hoo</strong></span> <span class='ocrx_word' id='word_1_294' title='bbox 1195 3325 1244 3388; x_wconf 85' lang='lat' dir='ltr'><strong>sui</strong></span> 
     </span>
     <span class='ocr_line' id='line_1_36' title="bbox 94 3410 1244 3496; baseline -0.007 -20"><span class='ocrx_word' id='word_1_295' title='bbox 94 3413 247 3496; x_wconf 86' lang='lat' dir='ltr'><strong>perducat</strong></span> <span class='ocrx_word' id='word_1_296' title='bbox 267 3412 425 3492; x_wconf 81' lang='lat' dir='ltr'><strong>episeopi3</strong></span> <span class='ocrx_word' id='word_1_297' title='bbox 448 3411 524 3490; x_wconf 74' lang='lat' dir='ltr'><strong>¹ipse</strong></span> <span class='ocrx_word' id='word_1_298' title='bbox 550 3418 656 3472; x_wconf 88' lang='lat' dir='ltr'><strong>autem</strong></span> <span class='ocrx_word' id='word_1_299' title='bbox 676 3410 759 3472; x_wconf 89' lang='lat' dir='ltr'><strong>datis</strong></span> <span class='ocrx_word' id='word_1_300' title='bbox 778 3412 868 3472; x_wconf 81' lang='lat' dir='ltr'><strong>bonis</strong></span> <span class='ocrx_word' id='word_1_301' title='bbox 888 3411 1062 3488; x_wconf 71' lang='lat' dir='ltr'><strong>hominibus</strong></span> <span class='ocrx_word' id='word_1_302' title='bbox 1083 3427 1124 3469; x_wconf 92' lang='lat' dir='ltr'><strong>ex</strong></span> <span class='ocrx_word' id='word_1_303' title='bbox 1145 3411 1244 3469; x_wconf 85' lang='lat' dir='ltr'><strong>latere</strong></span> 
     </span>
     <span class='ocr_line' id='line_1_37' title="bbox 97 3492 1245 3579; baseline -0.005 -17"><span class='ocrx_word' id='word_1_304' title='bbox 97 3518 156 3563; x_wconf 87' lang='lat' dir='ltr'><strong>suo</strong></span> <span class='ocrx_word' id='word_1_305' title='bbox 178 3493 328 3579; x_wconf 84' lang='lat' dir='ltr'><strong>judicem</strong></span> <span class='ocrx_word' id='word_1_306' title='bbox 344 3497 405 3558; x_wconf 90' lang='lat' dir='ltr'><strong>hoo</strong></span> <span class='ocrx_word' id='word_1_307' title='bbox 428 3495 537 3578; x_wconf 91' lang='lat' dir='ltr'><strong>jubeat</strong></span> <span class='ocrx_word' id='word_1_308' title='bbox 565 3512 737 3575; x_wconf 91' lang='lat' dir='ltr'><strong>quaerere,</strong></span> <span class='ocrx_word' id='word_1_309' title='bbox 770 3495 854 3557; x_wconf 88' lang='lat' dir='ltr'><strong>etsi</strong></span> <span class='ocrx_word' id='word_1_310' title='bbox 875 3495 1005 3557; x_wconf 87' lang='lat' dir='ltr'><strong>sceleris</strong></span> <span class='ocrx_word' id='word_1_311' title='bbox 1031 3492 1124 3572; x_wconf 84' lang='lat' dir='ltr'><strong>hujus</strong></span> <span class='ocrx_word' id='word_1_312' title='bbox 1146 3513 1245 3556; x_wconf 89' lang='lat' dir='ltr'><strong>causa</strong></span> 
     </span>
     <span class='ocr_line' id='line_1_38' title="bbox 98 3579 1246 3662; baseline -0.009 -14"><span class='ocrx_word' id='word_1_313' title='bbox 98 3585 192 3648; x_wconf 83' lang='lat' dir='ltr'><strong>suerit</strong></span> <span class='ocrx_word' id='word_1_314' title='bbox 209 3585 362 3662; x_wconf 84' lang='lat' dir='ltr'><strong>inventa,</strong></span> <span class='ocrx_word' id='word_1_315' title='bbox 392 3581 439 3643; x_wconf 89' lang='lat' dir='ltr'><strong>ad</strong></span> <span class='ocrx_word' id='word_1_316' title='bbox 463 3580 674 3662; x_wconf 80' lang='lat' dir='ltr'><strong>cognitionem</strong></span> <span class='ocrx_word' id='word_1_317' title='bbox 699 3579 842 3662; x_wconf 86' lang='lat' dir='ltr'><strong>episcopi</strong></span> <span class='ocrx_word' id='word_1_318' title='bbox 860 3579 923 3642; x_wconf 92' lang='lat' dir='ltr'><strong>hoc</strong></span> <span class='ocrx_word' id='word_1_319' title='bbox 944 3579 1096 3642; x_wconf 90' lang='lat' dir='ltr'><strong>reducant</strong></span> <span class='ocrx_word' id='word_1_320' title='bbox 1117 3589 1150 3640; x_wconf 93' lang='lat' dir='ltr'><strong>et</strong></span> <span class='ocrx_word' id='word_1_321' title='bbox 1170 3581 1246 3659; x_wconf 82' lang='lat' dir='ltr'><strong>pro-</strong></span> 
     </span>
     <span class='ocr_line' id='line_1_39' title="bbox 99 3663 1244 3754; baseline -0.009 -20"><span class='ocrx_word' id='word_1_322' title='bbox 99 3689 193 3734; x_wconf 89' lang='lat' dir='ltr'><strong>cessa</strong></span> <span class='ocrx_word' id='word_1_323' title='bbox 214 3669 256 3729; x_wconf 88' lang='lat' dir='ltr'><strong>ex</strong></span> <span class='ocrx_word' id='word_1_324' title='bbox 277 3663 330 3728; x_wconf 89' lang='lat' dir='ltr'><strong>or&#39;e</strong></span> <span class='ocrx_word' id='word_1_325' title='bbox 353 3665 422 3746; x_wconf 82' lang='lat' dir='ltr'><strong>ejus</strong></span> <span class='ocrx_word' id='word_1_326' title='bbox 443 3664 602 3754; x_wconf 78' lang='lat' dir='ltr'><strong>sententia</strong></span> <span class='ocrx_word' id='word_1_327' title='bbox 622 3665 667 3725; x_wconf 86' lang='lat' dir='ltr'><strong>ita</strong></span> <span class='ocrx_word' id='word_1_328' title='bbox 686 3665 801 3726; x_wconf 87' lang='lat' dir='ltr'><strong>malum</strong></span> <span class='ocrx_word' id='word_1_329' title='bbox 821 3668 1010 3746; x_wconf 86' lang='lat' dir='ltr'><strong>extirpatum</strong></span> <span class='ocrx_word' id='word_1_330' title='bbox 1031 3673 1174 3746; x_wconf 85' lang='lat' dir='ltr'><strong>maneat,</strong></span> <span class='ocrx_word' id='word_1_331' title='bbox 1204 3684 1244 3724; x_wconf 87' lang='lat' dir='ltr'><strong>no</strong></span> 
     </span>
     <span class='ocr_line' id='line_1_40' title="bbox 101 3749 1246 3836; baseline -0.003 -20"><span class='ocrx_word' id='word_1_332' title='bbox 101 3759 162 3822; x_wconf 89' lang='lat' dir='ltr'><strong>hoc</strong></span> <span class='ocrx_word' id='word_1_333' title='bbox 182 3753 345 3836; x_wconf 90' lang='lat' dir='ltr'><strong>quisquam</strong></span> <span class='ocrx_word' id='word_1_334' title='bbox 367 3750 446 3812; x_wconf 90' lang='lat' dir='ltr'><strong>alius</strong></span> <span class='ocrx_word' id='word_1_335' title='bbox 463 3751 569 3812; x_wconf 85' lang='lat' dir='ltr'><strong>facere</strong></span> <span class='ocrx_word' id='word_1_336' title='bbox 590 3759 779 3829; x_wconf 81' lang='lat' dir='ltr'><strong>praesumat.</strong></span> <span class='ocrx_word' id='word_1_337' title='bbox 808 3750 935 3832; x_wconf 85' lang='lat' dir='ltr'><strong>Siquis</strong></span> <span class='ocrx_word' id='word_1_338' title='bbox 955 3750 1131 3813; x_wconf 86' lang='lat' dir='ltr'><strong>sententiae</strong></span> <span class='ocrx_word' id='word_1_339' title='bbox 1152 3749 1246 3830; x_wconf 88' lang='lat' dir='ltr'><strong>hujus</strong></span> 
     </span>
     <span class='ocr_line' id='line_1_41' title="bbox 100 3831 1246 3914; baseline -0.005 -10"><span class='ocrx_word' id='word_1_340' title='bbox 100 3839 239 3904; x_wconf 88' lang='lat' dir='ltr'><strong>ordinem·</strong></span> <span class='ocrx_word' id='word_1_341' title='bbox 256 3857 318 3900; x_wconf 87' lang='lat' dir='ltr'><strong>uon</strong></span> <span class='ocrx_word' id='word_1_342' title='bbox 338 3835 570 3914; x_wconf 82' lang='lat' dir='ltr'><strong>observaverit,</strong></span> <span class='ocrx_word' id='word_1_343' title='bbox 587 3831 928 3902; x_wconf 41' lang='lat' dir='ltr'><strong>*exmunioationis</strong></span> <span class='ocrx_word' id='word_1_344' title='bbox 949 3836 1246 3912; x_wconf 73' lang='lat' dir='ltr'><strong>amuentiaforion-</strong></span> 
     </span>
     <span class='ocr_line' id='line_1_42' title="bbox 16 3919 1174 4002; baseline -0.009 -10"><span class='ocrx_word' id='word_1_345' title='bbox 16 3921 20 3925; x_wconf 72' lang='grc'><strong>’</strong></span> <span class='ocrx_word' id='word_1_346' title='bbox 101 3927 159 3992; x_wconf 90' lang='lat' dir='ltr'><strong>dus</strong></span> <span class='ocrx_word' id='word_1_347' title='bbox 174 3926 237 3988; x_wconf 86' lang='lat' dir='ltr'><strong>arit</strong></span> <span class='ocrx_word' id='word_1_348' title='bbox 258 3930 292 3984; x_wconf 90' lang='lat' dir='ltr'><strong>et</strong></span> <span class='ocrx_word' id='word_1_349' title='bbox 312 3941 333 3986; x_wconf 86' lang='lat' dir='ltr'><strong>a</strong></span> <span class='ocrx_word' id='word_1_350' title='bbox 352 3923 436 3986; x_wconf 89' lang='lat' dir='ltr'><strong>clero</strong></span> <span class='ocrx_word' id='word_1_351' title='bbox 457 3919 658 4002; x_wconf 74' lang='lat' dir='ltr'><strong>abjiciendus.</strong></span> <span class='ocrx_word' id='word_1_352' title='bbox 1172 3919 1174 3924; x_wconf 84' lang='lat'>&#39;</span> 
     </span>
    </p>
   </div>
   <div class='ocr_carea' id='block_1_8' title="bbox 103 4048 1247 4394">
    <p class='ocr_par' dir='ltr' id='par_1_9' title="bbox 103 4048 1247 4394">
     <span class='ocr_line' id='line_1_43' title="bbox 141 4048 1204 4132; baseline -0.006 -16"><span class='ocrx_word' id='word_1_353' title='bbox 141 4051 227 4116; x_wconf 81' lang='lat' dir='ltr'>XVI.</span> <span class='ocrx_word' id='word_1_354' title='bbox 279 4049 322 4112; x_wconf 84' lang='lat' dir='ltr'><strong>Ut</strong></span> <span class='ocrx_word' id='word_1_355' title='bbox 353 4051 499 4132; x_wconf 71' lang='lat' dir='ltr'><strong>epiecqm</strong></span> <span class='ocrx_word' id='word_1_356' title='bbox 529 4067 593 4110; x_wconf 82' lang='lat' dir='ltr'><strong>ooo</strong></span> <span class='ocrx_word' id='word_1_357' title='bbox 624 4048 723 4112; x_wconf 69' lang='lat' dir='ltr'><strong>licem</strong></span> <span class='ocrx_word' id='word_1_358' title='bbox 752 4051 885 4112; x_wconf 71' lang='lat' dir='ltr'><strong>tertiam</strong></span> <span class='ocrx_word' id='word_1_359' title='bbox 913 4049 956 4112; x_wconf 85' lang='lat' dir='ltr'><strong>de</strong></span> <span class='ocrx_word' id='word_1_360' title='bbox 980 4051 1204 4132; x_wconf 72' lang='lat' dir='ltr'><strong>parochitanis</strong></span> 
     </span>
     <span class='ocr_line' id='line_1_44' title="bbox 271 4132 1166 4213; baseline 0 -17"><span class='ocrx_word' id='word_1_361' title='bbox 271 4135 274 4141; x_wconf 85' lang='grc'><strong><em>’</em></strong></span> <span class='ocrx_word' id='word_1_362' title='bbox 504 4132 646 4196; x_wconf 62' lang='lat' dir='ltr'><strong>eccleciae</strong></span> <span class='ocrx_word' id='word_1_363' title='bbox 673 4133 784 4197; x_wconf 81' lang='lat' dir='ltr'><strong>tollere</strong></span> <span class='ocrx_word' id='word_1_364' title='bbox 795 4134 842 4213; x_wconf 63' lang='grc' dir='ltr'><strong>Ὀ).</strong></span> <span class='ocrx_word' id='word_1_365' title='bbox 1163 4181 1166 4186; x_wconf 80' lang='lat'><em>.</em></span> 
     </span>
     <span class='ocr_line' id='line_1_45' title="bbox 184 4217 1247 4302; baseline -0.002 -20"><span class='ocrx_word' id='word_1_366' title='bbox 184 4221 272 4282; x_wconf 77' lang='lat' dir='ltr'><strong>Rene</strong></span> <span class='ocrx_word' id='word_1_367' title='bbox 286 4217 441 4301; x_wconf 87' lang='lat' dir='ltr'><strong>disposuit</strong></span> <span class='ocrx_word' id='word_1_368' title='bbox 454 4217 561 4281; x_wconf 89' lang='lat' dir='ltr'><strong>divina</strong></span> <span class='ocrx_word' id='word_1_369' title='bbox 581 4219 691 4301; x_wconf 83' lang='lat' dir='ltr'><strong>gratia,</strong></span> <span class='ocrx_word' id='word_1_370' title='bbox 713 4229 749 4281; x_wconf 90' lang='lat' dir='ltr'><strong>ut</strong></span> <span class='ocrx_word' id='word_1_371' title='bbox 765 4237 974 4302; x_wconf 84' lang='lat' dir='ltr'><strong>unaquaeque</strong></span> <span class='ocrx_word' id='word_1_372' title='bbox 995 4217 1134 4284; x_wconf 87' lang='lat' dir='ltr'><strong>eeclesia</strong></span> <span class='ocrx_word' id='word_1_373' title='bbox 1154 4218 1247 4299; x_wconf 87' lang='lat' dir='ltr'><strong>quid-</strong></span> 
     </span>
     <span class='ocr_line' id='line_1_46' title="bbox 103 4299 1247 4394; baseline -0.003 -24"><span class='ocrx_word' id='word_1_374' title='bbox 103 4306 175 4394; x_wconf 88' lang='lat' dir='ltr'><strong>quid</strong></span> <span class='ocrx_word' id='word_1_375' title='bbox 195 4324 216 4368; x_wconf 88' lang='lat' dir='ltr'><strong>a</strong></span> <span class='ocrx_word' id='word_1_376' title='bbox 235 4303 380 4369; x_wconf 86' lang='lat' dir='ltr'><strong>fidelibus</strong></span> <span class='ocrx_word' id='word_1_377' title='bbox 399 4304 546 4368; x_wconf 80' lang='lat' dir='ltr'><strong>collatum</strong></span> <span class='ocrx_word' id='word_1_378' title='bbox 562 4311 615 4368; x_wconf 90' lang='lat' dir='ltr'><strong>est</strong></span> <span class='ocrx_word' id='word_1_379' title='bbox 633 4299 759 4370; x_wconf 77' lang='lat' dir='ltr'><strong>habeat</strong></span> <span class='ocrx_word' id='word_1_380' title='bbox 807 4306 982 4388; x_wconf 87' lang='lat' dir='ltr'><strong>Perprisois</strong></span> <span class='ocrx_word' id='word_1_381' title='bbox 997 4305 1031 4385; x_wconf 83' lang='lat'><strong>⁷)</strong></span> <span class='ocrx_word' id='word_1_382' title='bbox 1051 4305 1166 4385; x_wconf 88' lang='lat' dir='ltr'><strong>quippe</strong></span> <span class='ocrx_word' id='word_1_383' title='bbox 1188 4321 1247 4366; x_wconf 88' lang='lat' dir='ltr'><strong>oa-</strong></span> 
     </span>
    </p>
   </div>
   <div class='ocr_carea' id='block_1_9' title="bbox 146 4521 1249 4733">
    <p class='ocr_par' dir='ltr' id='par_1_10' title="bbox 146 4521 1249 4733">
     <span class='ocr_line' id='line_1_47' title="bbox 146 4521 1249 4594; baseline -0.005 -17"><span class='ocrx_word' id='word_1_384' title='bbox 146 4525 174 4594; x_wconf 87' lang='lat'><strong>1)</strong></span> <span class='ocrx_word' id='word_1_385' title='bbox 191 4533 301 4588; x_wconf 65' lang='lat' dir='ltr'><strong>metat</strong></span> <span class='ocrx_word' id='word_1_386' title='bbox 317 4525 355 4578; x_wconf 83' lang='lat' dir='ltr'><strong>M.</strong></span> <span class='ocrx_word' id='word_1_387' title='bbox 388 4548 424 4562; x_wconf 91' lang='grc'><strong>-·-</strong></span> <span class='ocrx_word' id='word_1_388' title='bbox 465 4524 495 4591; x_wconf 87' lang='lat'><strong>²)</strong></span> <span class='ocrx_word' id='word_1_389' title='bbox 513 4532 618 4576; x_wconf 81' lang='lat' dir='ltr'><strong>corolum</strong></span> <span class='ocrx_word' id='word_1_390' title='bbox 635 4523 672 4574; x_wconf 76' lang='lat' dir='ltr'><strong>M.</strong></span> <span class='ocrx_word' id='word_1_391' title='bbox 706 4545 742 4562; x_wconf 91' lang='lat'><strong>·-</strong></span> <span class='ocrx_word' id='word_1_392' title='bbox 784 4524 924 4591; x_wconf 77' lang='lat' dir='ltr'><strong>⁸)auqotu</strong></span> <span class='ocrx_word' id='word_1_393' title='bbox 940 4521 977 4571; x_wconf 84' lang='lat' dir='ltr'><strong>M·</strong></span> <span class='ocrx_word' id='word_1_394' title='bbox 1012 4549 1048 4561; x_wconf 88' lang='lat'><em>—</em></span> <span class='ocrx_word' id='word_1_395' title='bbox 1095 4521 1249 4588; x_wconf 57' lang='lat' dir='ltr'><strong>querendi,</strong></span> 
     </span>
     <span class='ocr_line' id='line_1_48' title="bbox 169 4588 1249 4660; baseline -0.005 -14"><span class='ocrx_word' id='word_1_396' title='bbox 169 4595 241 4647; x_wconf 75' lang='lat' dir='ltr'><strong>torte</strong></span> <span class='ocrx_word' id='word_1_397' title='bbox 257 4602 372 4657; x_wconf 68' lang='lat' dir='ltr'><strong>memet</strong></span> <span class='ocrx_word' id='word_1_398' title='bbox 388 4595 424 4646; x_wconf 83' lang='grc' dir='ltr'><strong>Μ.</strong></span> <span class='ocrx_word' id='word_1_399' title='bbox 472 4623 522 4635; x_wconf 88' lang='lat'><strong>--</strong></span> <span class='ocrx_word' id='word_1_400' title='bbox 562 4594 591 4660; x_wconf 62' lang='grc' dir='ltr'><strong>ὅ)</strong></span> <span class='ocrx_word' id='word_1_401' title='bbox 609 4599 765 4646; x_wconf 66' lang='lat' dir='ltr'><strong>moretm</strong></span> <span class='ocrx_word' id='word_1_402' title='bbox 773 4594 815 4646; x_wconf 80' lang='grc' dir='ltr'><strong>Μ.</strong></span> <span class='ocrx_word' id='word_1_403' title='bbox 842 4617 895 4633; x_wconf 86' lang='lat'><strong>-·-</strong></span> <span class='ocrx_word' id='word_1_404' title='bbox 947 4588 977 4654; x_wconf 74' lang='grc' dir='ltr'><strong>ο)</strong></span> <span class='ocrx_word' id='word_1_405' title='bbox 994 4598 1040 4640; x_wconf 76' lang='lat' dir='ltr'><strong>eeu</strong></span> <span class='ocrx_word' id='word_1_406' title='bbox 1057 4604 1120 4654; x_wconf 75' lang='lat' dir='ltr'><strong>poca</strong></span> <span class='ocrx_word' id='word_1_407' title='bbox 1136 4599 1249 4643; x_wconf 69' lang='lat' dir='ltr'><strong>roarolo</strong></span> 
     </span>
     <span class='ocr_line' id='line_1_49' title="bbox 172 4659 998 4733; baseline -0.008 -15"><span class='ocrx_word' id='word_1_408' title='bbox 172 4675 230 4720; x_wconf 76' lang='lat' dir='ltr'><strong>sunl</strong></span> <span class='ocrx_word' id='word_1_409' title='bbox 249 4673 335 4718; x_wconf 82' lang='lat' dir='ltr'><strong>debeat</strong></span> <span class='ocrx_word' id='word_1_410' title='bbox 352 4671 485 4718; x_wconf 68' lang='lat' dir='ltr'><strong>ommam</strong></span> <span class='ocrx_word' id='word_1_411' title='bbox 502 4663 562 4718; x_wconf 82' lang='lat' dir='ltr'><strong>add.</strong></span> <span class='ocrx_word' id='word_1_412' title='bbox 579 4662 617 4716; x_wconf 90' lang='lat' dir='ltr'><strong>M.</strong></span> <span class='ocrx_word' id='word_1_413' title='bbox 650 4691 689 4732; x_wconf 81' lang='lat'><strong>··.</strong></span> <span class='ocrx_word' id='word_1_414' title='bbox 730 4663 867 4732; x_wconf 78' lang='lat' dir='ltr'><strong>¹¹)prlrcle</strong></span> <span class='ocrx_word' id='word_1_415' title='bbox 884 4659 922 4710; x_wconf 85' lang='grc' dir='ltr'><strong>Μ.</strong></span> <span class='ocrx_word' id='word_1_416' title='bbox 956 4683 998 4733; x_wconf 19' lang='grc' dir='ltr'><strong>-γ</strong></span> 
     </span>
    </p>
   </div>
   <div class='ocr_carea' id='block_1_10' title="bbox 0 0 1456 5036">
    <p class='ocr_par' dir='ltr' id='par_1_11' title="bbox 0 0 1456 5036">
     <span class='ocr_line' id='line_1_50' title="bbox 0 0 1456 5036; baseline 0 0"><span class='ocrx_word' id='word_1_417' title='bbox 0 0 1456 5036; x_wconf 95' lang='lat' dir='ltr'><strong> </strong></span> 
     </span>
    </p>
   </div>
  </div>
 </body>
</html>
