<?xml version="1.0" encoding="UTF-8"?>
<!DOCTYPE html PUBLIC "-//W3C//DTD XHTML 1.0 Transitional//EN"
    "http://www.w3.org/TR/xhtml1/DTD/xhtml1-transitional.dtd">
<html xmlns="http://www.w3.org/1999/xhtml" xml:lang="en" lang="en">
 <head>
  <title>
</title>
<meta http-equiv="Content-Type" content="text/html;charset=utf-8" />
  <meta name='ocr-system' content='tesseract 3.04.00' />
  <meta name='ocr-capabilities' content='ocr_page ocr_carea ocr_par ocr_line ocrx_word'/>
</head>
<body>
  <div class='ocr_page' id='page_1' title='image "./canonesapostolo01brungoog_0137.png"; bbox 0 0 2858 5036; ppageno 0'>
   <div class='ocr_carea' id='block_1_1' title="bbox 406 239 1233 314">
    <p class='ocr_par' dir='ltr' id='par_1_1' title="bbox 406 239 1233 314">
     <span class='ocr_line' id='line_1_1' title="bbox 406 239 1233 314; baseline 0.001 -2"><span class='ocrx_word' id='word_1_1' title='bbox 406 243 648 314; x_wconf 70' lang='lat' dir='ltr'><strong>conlocauit</strong></span> <span class='ocrx_word' id='word_1_2' title='bbox 675 243 892 314; x_wconf 67' lang='lat' dir='ltr'><strong>REGENSE.</strong></span> <span class='ocrx_word' id='word_1_3' title='bbox 1166 239 1233 314; x_wconf 68' lang='grc' dir='ltr'><strong>Μ</strong></span> 
     </span>
    </p>
   </div>
   <div class='ocr_carea' id='block_1_2' title="bbox 26 374 1199 604">
    <p class='ocr_par' dir='ltr' id='par_1_2' title="bbox 26 374 1199 604">
     <span class='ocr_line' id='line_1_2' title="bbox 26 374 1199 502; baseline -0.004 -14"><span class='ocrx_word' id='word_1_4' title='bbox 26 374 28 376; x_wconf 16' lang='lat'>¹</span> <span class='ocrx_word' id='word_1_5' title='bbox 96 423 157 488; x_wconf 74' lang='lat' dir='ltr'><strong>lli.</strong></span> <span class='ocrx_word' id='word_1_6' title='bbox 198 419 251 483; x_wconf 69' lang='lat' dir='ltr'><strong>Hc</strong></span> <span class='ocrx_word' id='word_1_7' title='bbox 271 419 322 482; x_wconf 82' lang='lat' dir='ltr'><strong>dis</strong></span> <span class='ocrx_word' id='word_1_8' title='bbox 342 419 398 502; x_wconf 74' lang='lat' dir='ltr'><strong>pror·</strong></span> <span class='ocrx_word' id='word_1_9' title='bbox 418 417 623 484; x_wconf 67' lang='lat' dir='ltr'><strong>rabam</strong></span> <span class='ocrx_word' id='word_1_10' title='bbox 642 415 694 482; x_wconf 80' lang='lat' dir='ltr'><strong>cel</strong></span> <span class='ocrx_word' id='word_1_11' title='bbox 713 394 871 499; x_wconf 60' lang='lat' dir='ltr'><strong>acuam)</strong></span> <span class='ocrx_word' id='word_1_12' title='bbox 899 415 1199 484; x_wconf 63' lang='lat' dir='ltr'><strong>carminatur</strong></span> 
     </span>
     <span class='ocr_line' id='line_1_3' title="bbox 328 502 982 604; baseline -0.003 -36"><span class='ocrx_word' id='word_1_13' title='bbox 328 503 548 569; x_wconf 67' lang='lat' dir='ltr'><strong>mondoum</strong></span> <span class='ocrx_word' id='word_1_14' title='bbox 571 505 720 604; x_wconf 68' lang='lat' dir='ltr'><strong>amiitiqsa&#39;</strong></span> <span class='ocrx_word' id='word_1_15' title='bbox 744 505 916 568; x_wconf 69' lang='lat' dir='ltr'><strong>astiterint</strong></span> <span class='ocrx_word' id='word_1_16' title='bbox 928 502 982 586; x_wconf 74' lang='lat'><strong>²),-</strong></span> 
     </span>
    </p>
   </div>
   <div class='ocr_carea' id='block_1_3' title="bbox 156 620 1228 708">
    <p class='ocr_par' dir='ltr' id='par_1_3' title="bbox 156 620 1228 708">
     <span class='ocr_line' id='line_1_4' title="bbox 156 620 1228 708; baseline 0 -20"><span class='ocrx_word' id='word_1_17' title='bbox 156 625 351 700; x_wconf 83' lang='lat' dir='ltr'><strong>l&#39;erventum</strong></span> <span class='ocrx_word' id='word_1_18' title='bbox 384 631 436 688; x_wconf 86' lang='lat' dir='ltr'><strong>est</strong></span> <span class='ocrx_word' id='word_1_19' title='bbox 470 620 545 686; x_wconf 91' lang='lat' dir='ltr'><strong>huic</strong></span> <span class='ocrx_word' id='word_1_20' title='bbox 577 631 710 688; x_wconf 85' lang='lat' dir='ltr'><strong>sanctae</strong></span> <span class='ocrx_word' id='word_1_21' title='bbox 739 621 861 705; x_wconf 84' lang='lat' dir='ltr'><strong>synodo</strong></span> <span class='ocrx_word' id='word_1_22' title='bbox 893 622 977 704; x_wconf 83' lang='lat' dir='ltr'><strong>quod</strong></span> <span class='ocrx_word' id='word_1_23' title='bbox 1005 623 1100 707; x_wconf 89' lang='lat' dir='ltr'><strong>aliqui</strong></span> <span class='ocrx_word' id='word_1_24' title='bbox 1126 621 1228 708; x_wconf 78' lang='lat' dir='ltr'><strong>ignoti</strong></span> 
     </span>
    </p>
   </div>
   <div class='ocr_carea' id='block_1_4' title="bbox 12 703 1255 1314">
    <p class='ocr_par' dir='ltr' id='par_1_4' title="bbox 12 703 1255 878">
     <span class='ocr_line' id='line_1_5' title="bbox 63 703 1255 792; baseline 0.002 -19"><span class='ocrx_word' id='word_1_25' title='bbox 63 709 289 773; x_wconf 77' lang='lat' dir='ltr'><strong>institutiones</strong></span> <span class='ocrx_word' id='word_1_26' title='bbox 303 727 457 773; x_wconf 88' lang='lat' dir='ltr'><strong>canonum</strong></span> <span class='ocrx_word' id='word_1_27' title='bbox 477 709 562 772; x_wconf 86' lang='lat' dir='ltr'><strong>fastu</strong></span> <span class='ocrx_word' id='word_1_28' title='bbox 581 709 747 790; x_wconf 85' lang='lat' dir='ltr'><strong>superbiae</strong></span> <span class='ocrx_word' id='word_1_29' title='bbox 768 707 925 771; x_wconf 86' lang='lat' dir='ltr'><strong>editiones</strong></span> <span class='ocrx_word' id='word_1_30' title='bbox 935 707 970 786; x_wconf 80' lang='lat'><strong>³)</strong></span> <span class='ocrx_word' id='word_1_31' title='bbox 986 708 1104 792; x_wconf 88' lang='lat' dir='ltr'><strong>antiqui</strong></span> <span class='ocrx_word' id='word_1_32' title='bbox 1123 703 1255 778; x_wconf 60' lang='lat' dir='ltr'><strong>hostis(</strong></span> 
     </span>
     <span class='ocr_line' id='line_1_6' title="bbox 12 791 1229 878; baseline 0.003 -18"><span class='ocrx_word' id='word_1_33' title='bbox 12 793 15 800; x_wconf 76' lang='grc'><em>’</em></span> <span class='ocrx_word' id='word_1_34' title='bbox 65 795 204 860; x_wconf 87' lang='lat' dir='ltr'><strong>consilio</strong></span> <span class='ocrx_word' id='word_1_35' title='bbox 225 795 387 868; x_wconf 80' lang='lat' dir='ltr'><strong>emutilare</strong></span> <span class='ocrx_word' id='word_1_36' title='bbox 407 794 563 877; x_wconf 85' lang='lat' dir='ltr'><strong>nituntur,</strong></span> <span class='ocrx_word' id='word_1_37' title='bbox 589 796 643 878; x_wconf 85' lang='lat' dir='ltr'><strong>qiri</strong></span> <span class='ocrx_word' id='word_1_38' title='bbox 663 814 726 859; x_wconf 86' lang='lat' dir='ltr'><strong>nou</strong></span> <span class='ocrx_word' id='word_1_39' title='bbox 745 791 959 870; x_wconf 63' lang='lat' dir='ltr'><strong>inmineat</strong></span> <span class='ocrx_word' id='word_1_40' title='bbox 983 796 1111 878; x_wconf 79' lang='lat' dir='ltr'><strong>superbi</strong></span> <span class='ocrx_word' id='word_1_41' title='bbox 1130 795 1229 868; x_wconf 74' lang='lat' dir='ltr'><strong>,aedi-</strong></span> 
     </span>
    </p>

    <p class='ocr_par' dir='ltr' id='par_1_5' title="bbox 66 875 1231 964">
     <span class='ocr_line' id='line_1_7' title="bbox 66 875 1231 964; baseline 0.001 -21"><span class='ocrx_word' id='word_1_42' title='bbox 66 883 254 964; x_wconf 88' lang='lat' dir='ltr'><strong>tionemque</strong></span> <span class='ocrx_word' id='word_1_43' title='bbox 268 879 304 958; x_wconf 81' lang='lat'><strong>⁴)</strong></span> <span class='ocrx_word' id='word_1_44' title='bbox 332 879 530 943; x_wconf 70' lang='lat' dir='ltr'><strong>ecclesiabus</strong></span> <span class='ocrx_word' id='word_1_45' title='bbox 557 879 608 942; x_wconf 88' lang='lat' dir='ltr'><strong>dei</strong></span> <span class='ocrx_word' id='word_1_46' title='bbox 634 881 687 942; x_wconf 90' lang='lat' dir='ltr'><strong>vel</strong></span> <span class='ocrx_word' id='word_1_47' title='bbox 708 875 779 960; x_wconf 89' lang='lat' dir='ltr'><strong>ejus</strong></span> <span class='ocrx_word' id='word_1_48' title='bbox 798 879 1017 944; x_wconf 87' lang='lat' dir='ltr'><strong>sacerdotibus</strong></span> <span class='ocrx_word' id='word_1_49' title='bbox 1037 881 1231 964; x_wconf 60' lang='lat' dir='ltr'><strong>persistenti</strong></span> 
     </span>
    </p>

    <p class='ocr_par' dir='ltr' id='par_1_6' title="bbox 67 956 1252 1138">
     <span class='ocr_line' id='line_1_8' title="bbox 67 956 1252 1050; baseline 0.005 -22"><span class='ocrx_word' id='word_1_50' title='bbox 67 965 193 1050; x_wconf 80' lang='lat' dir='ltr'><strong>placuit</strong></span> <span class='ocrx_word' id='word_1_51' title='bbox 221 963 306 1028; x_wconf 85' lang='lat' dir='ltr'><strong>enini</strong></span> <span class='ocrx_word' id='word_1_52' title='bbox 334 963 457 1050; x_wconf 86' lang='lat' dir='ltr'><strong>synode</strong></span> <span class='ocrx_word' id='word_1_53' title='bbox 478 965 539 1028; x_wconf 85' lang='lat' dir='ltr'><strong>bos</strong></span> <span class='ocrx_word' id='word_1_54' title='bbox 559 965 641 1029; x_wconf 87' lang='lat' dir='ltr'><strong>talos</strong></span> <span class='ocrx_word' id='word_1_55' title='bbox 662 965 864 1031; x_wconf 70' lang='lat' dir='ltr'><strong>sb‘ecclesia</strong></span> <span class='ocrx_word' id='word_1_56' title='bbox 885 965 936 1030; x_wconf 89' lang='lat' dir='ltr'><strong>dei</strong></span> <span class='ocrx_word' id='word_1_57' title='bbox 958 970 992 1029; x_wconf 82' lang='lat' dir='ltr'><strong>et·</strong></span> <span class='ocrx_word' id='word_1_58' title='bbox 1013 984 1034 1031; x_wconf 88' lang='lat' dir='ltr'><strong>a</strong></span> <span class='ocrx_word' id='word_1_59' title='bbox 1053 975 1149 1030; x_wconf 85' lang='lat' dir='ltr'><strong>coetu</strong></span> <span class='ocrx_word' id='word_1_60' title='bbox 1167 956 1252 1034; x_wconf 72' lang='lat' dir='ltr'><strong>car-¹</strong></span> 
     </span>
     <span class='ocr_line' id='line_1_9' title="bbox 69 1044 1230 1138; baseline 0.002 -22"><span class='ocrx_word' id='word_1_61' title='bbox 69 1044 259 1116; x_wconf 83' lang='lat' dir='ltr'><strong>tholicorum</strong></span> <span class='ocrx_word' id='word_1_62' title='bbox 290 1049 455 1135; x_wconf 75' lang='lat' dir='ltr'><strong>segregari</strong></span> <span class='ocrx_word' id='word_1_63' title='bbox 487 1068 528 1136; x_wconf 85' lang='lat' dir='ltr'><strong>ao</strong></span> <span class='ocrx_word' id='word_1_64' title='bbox 558 1053 848 1116; x_wconf 84' lang='lat' dir='ltr'><strong>excommunicatos</strong></span> <span class='ocrx_word' id='word_1_65' title='bbox 880 1048 974 1117; x_wconf 85' lang='lat' dir='ltr'><strong>exilio</strong></span> <span class='ocrx_word' id='word_1_66' title='bbox 1006 1053 1160 1138; x_wconf 82' lang='lat' dir='ltr'><strong>relegari,</strong></span> <span class='ocrx_word' id='word_1_67' title='bbox 1192 1059 1230 1118; x_wconf 85' lang='lat' dir='ltr'><strong>ot</strong></span> 
     </span>
    </p>

    <p class='ocr_par' dir='ltr' id='par_1_7' title="bbox 67 1135 1229 1220">
     <span class='ocr_line' id='line_1_10' title="bbox 67 1135 1229 1220; baseline 0.005 -22"><span class='ocrx_word' id='word_1_68' title='bbox 67 1146 148 1220; x_wconf 89' lang='lat' dir='ltr'><strong>post</strong></span> <span class='ocrx_word' id='word_1_69' title='bbox 169 1137 301 1201; x_wconf 85' lang='lat' dir='ltr'><strong>correcti</strong></span> <span class='ocrx_word' id='word_1_70' title='bbox 330 1135 549 1200; x_wconf 82' lang='lat' dir='ltr'><strong>satisfactione</strong></span> <span class='ocrx_word' id='word_1_71' title='bbox 564 1135 598 1215; x_wconf 78' lang='lat'><strong>⁵)</strong></span> <span class='ocrx_word' id='word_1_72' title='bbox 619 1137 838 1220; x_wconf 77' lang='lat' dir='ltr'><strong>poenitentiae</strong></span> <span class='ocrx_word' id='word_1_73' title='bbox 860 1135 901 1202; x_wconf 83' lang='lat' dir='ltr'><strong>ad</strong></span> <span class='ocrx_word' id='word_1_74' title='bbox 920 1145 1229 1212; x_wconf 66' lang='lat' dir='ltr'><strong>muctwa&#39;coramu-</strong></span> 
     </span>
    </p>

    <p class='ocr_par' dir='ltr' id='par_1_8' title="bbox 65 1220 918 1314">
     <span class='ocr_line' id='line_1_11' title="bbox 65 1220 918 1314; baseline 0 -28"><span class='ocrx_word' id='word_1_75' title='bbox 65 1222 343 1314; x_wconf 17' lang='lat' dir='ltr'><strong>uiouemtpossiut</strong></span> <span class='ocrx_word' id='word_1_76' title='bbox 363 1221 459 1288; x_wconf 87' lang='lat' dir='ltr'><strong>iidem</strong></span> <span class='ocrx_word' id='word_1_77' title='bbox 477 1221 629 1302; x_wconf 75' lang='lat' dir='ltr'><strong>admitti,</strong></span> <span class='ocrx_word' id='word_1_78' title='bbox 645 1241 708 1286; x_wconf 90' lang='lat' dir='ltr'><strong>nou</strong></span> <span class='ocrx_word' id='word_1_79' title='bbox 730 1220 771 1288; x_wconf 87' lang='lat' dir='ltr'><strong>ad</strong></span> <span class='ocrx_word' id='word_1_80' title='bbox 791 1223 918 1292; x_wconf 85' lang='lat' dir='ltr'><strong>olerum.</strong></span> 
     </span>
    </p>
   </div>
   <div class='ocr_carea' id='block_1_5' title="bbox 304 1365 1000 1463">
    <p class='ocr_par' dir='ltr' id='par_1_9' title="bbox 304 1365 1000 1463">
     <span class='ocr_line' id='line_1_12' title="bbox 304 1365 1000 1463; baseline 0.006 -24"><span class='ocrx_word' id='word_1_81' title='bbox 304 1375 346 1440; x_wconf 84' lang='lat' dir='ltr'><strong>X.</strong></span> <span class='ocrx_word' id='word_1_82' title='bbox 392 1374 436 1440; x_wconf 83' lang='lat' dir='ltr'><strong>Ut</strong></span> <span class='ocrx_word' id='word_1_83' title='bbox 457 1365 505 1440; x_wconf 80' lang='lat' dir='ltr'><strong>bio</strong></span> <span class='ocrx_word' id='word_1_84' title='bbox 525 1379 562 1441; x_wconf 82' lang='lat' dir='ltr'><strong>r&#39;rr</strong></span> <span class='ocrx_word' id='word_1_85' title='bbox 584 1396 668 1441; x_wconf 82' lang='lat' dir='ltr'><strong>anno</strong></span> <span class='ocrx_word' id='word_1_86' title='bbox 689 1375 858 1442; x_wconf 79' lang='lat' dir='ltr'><strong>concilium</strong></span> <span class='ocrx_word' id='word_1_87' title='bbox 868 1380 939 1463; x_wconf 76' lang='lat' dir='ltr'><strong>flat</strong></span> <span class='ocrx_word' id='word_1_88' title='bbox 954 1370 1000 1460; x_wconf 51' lang='grc' dir='ltr'><strong>ὅ).</strong></span> 
     </span>
    </p>
   </div>
   <div class='ocr_carea' id='block_1_6' title="bbox 64 1491 1311 2776">
    <p class='ocr_par' dir='ltr' id='par_1_10' title="bbox 64 1491 1311 2776">
     <span class='ocr_line' id='line_1_13' title="bbox 78 1491 1229 1582; baseline 0.006 -25"><span class='ocrx_word' id='word_1_89' title='bbox 78 1494 81 1502; x_wconf 89' lang='grc'><strong>’</strong></span> <span class='ocrx_word' id='word_1_90' title='bbox 115 1529 118 1538; x_wconf 66' lang='lat'><em>=</em></span> <span class='ocrx_word' id='word_1_91' title='bbox 158 1491 315 1558; x_wconf 86' lang='lat' dir='ltr'><strong>Sufficere</strong></span> <span class='ocrx_word' id='word_1_92' title='bbox 340 1494 444 1557; x_wconf 90' lang='lat' dir='ltr'><strong>visum</strong></span> <span class='ocrx_word' id='word_1_93' title='bbox 470 1504 522 1560; x_wconf 82' lang='lat' dir='ltr'><strong>est</strong></span> <span class='ocrx_word' id='word_1_94' title='bbox 549 1492 600 1558; x_wconf 90' lang='lat' dir='ltr'><strong>bis</strong></span> <span class='ocrx_word' id='word_1_95' title='bbox 630 1492 662 1557; x_wconf 87' lang='lat' dir='ltr'><strong>in</strong></span> <span class='ocrx_word' id='word_1_96' title='bbox 692 1513 773 1558; x_wconf 91' lang='lat' dir='ltr'><strong>auno</strong></span> <span class='ocrx_word' id='word_1_97' title='bbox 799 1499 1024 1582; x_wconf 81' lang='lat' dir='ltr'><strong>persingulas</strong></span> <span class='ocrx_word' id='word_1_98' title='bbox 1050 1497 1229 1580; x_wconf 65' lang='lat' dir='ltr'><strong>procinctos</strong></span> 
     </span>
     <span class='ocr_line' id='line_1_14' title="bbox 68 1579 1238 1665; baseline 0.004 -22"><span class='ocrx_word' id='word_1_99' title='bbox 68 1580 295 1664; x_wconf 88' lang='lat' dir='ltr'><strong>episcoporrun</strong></span> <span class='ocrx_word' id='word_1_100' title='bbox 317 1580 482 1644; x_wconf 90' lang='lat' dir='ltr'><strong>concilium</strong></span> <span class='ocrx_word' id='word_1_101' title='bbox 504 1579 581 1662; x_wconf 84' lang='lat' dir='ltr'><strong>fleri,</strong></span> <span class='ocrx_word' id='word_1_102' title='bbox 601 1583 700 1644; x_wconf 85' lang='lat' dir='ltr'><strong>semel</strong></span> <span class='ocrx_word' id='word_1_103' title='bbox 722 1580 847 1664; x_wconf 87' lang='lat' dir='ltr'><strong>quidem</strong></span> <span class='ocrx_word' id='word_1_104' title='bbox 867 1593 940 1665; x_wconf 90' lang='lat' dir='ltr'><strong>post</strong></span> <span class='ocrx_word' id='word_1_105' title='bbox 960 1585 1085 1651; x_wconf 73' lang='lat' dir='ltr'><strong>tertiam</strong></span> <span class='ocrx_word' id='word_1_106' title='bbox 1104 1585 1238 1649; x_wconf 73' lang='lat' dir='ltr'><strong>hebdo-‘</strong></span> 
     </span>
     <span class='ocr_line' id='line_1_15' title="bbox 64 1664 1228 1754; baseline 0.004 -24"><span class='ocrx_word' id='word_1_107' title='bbox 64 1665 198 1730; x_wconf 89' lang='lat' dir='ltr'><strong>madarn</strong></span> <span class='ocrx_word' id='word_1_108' title='bbox 224 1665 384 1749; x_wconf 85' lang='lat' dir='ltr'><strong>paschalis</strong></span> <span class='ocrx_word' id='word_1_109' title='bbox 410 1665 613 1746; x_wconf 86' lang='lat' dir='ltr'><strong>festivitatis,</strong></span> <span class='ocrx_word' id='word_1_110' title='bbox 640 1664 685 1729; x_wconf 88' lang='lat' dir='ltr'><strong>ite</strong></span> <span class='ocrx_word' id='word_1_111' title='bbox 705 1674 741 1728; x_wconf 93' lang='lat' dir='ltr'><strong>ut</strong></span> <span class='ocrx_word' id='word_1_112' title='bbox 761 1667 793 1728; x_wconf 89' lang='lat' dir='ltr'><strong>in</strong></span> <span class='ocrx_word' id='word_1_113' title='bbox 814 1678 925 1750; x_wconf 88' lang='lat' dir='ltr'><strong>quarta</strong></span> <span class='ocrx_word' id='word_1_114' title='bbox 945 1689 1069 1754; x_wconf 84' lang='lat' dir='ltr'><strong>quaque</strong></span> <span class='ocrx_word' id='word_1_115' title='bbox 1084 1669 1118 1750; x_wconf 78' lang='lat'><strong>&#39;)</strong></span> <span class='ocrx_word' id='word_1_116' title='bbox 1145 1672 1228 1735; x_wconf 90' lang='lat' dir='ltr'><strong>heb-</strong></span> 
     </span>
     <span class='ocr_line' id='line_1_16' title="bbox 64 1749 1227 1836; baseline 0.003 -21"><span class='ocrx_word' id='word_1_117' title='bbox 64 1753 207 1816; x_wconf 87' lang='lat' dir='ltr'><strong>domada</strong></span> <span class='ocrx_word' id='word_1_118' title='bbox 227 1770 309 1833; x_wconf 88' lang='lat' dir='ltr'><strong>quae</strong></span> <span class='ocrx_word' id='word_1_119' title='bbox 329 1751 540 1834; x_wconf 85' lang='lat' dir='ltr'><strong>consequitur,</strong></span> <span class='ocrx_word' id='word_1_120' title='bbox 559 1749 592 1814; x_wconf 90' lang='lat' dir='ltr'><strong>id</strong></span> <span class='ocrx_word' id='word_1_121' title='bbox 614 1759 664 1813; x_wconf 89' lang='lat' dir='ltr'><strong>est</strong></span> <span class='ocrx_word' id='word_1_122' title='bbox 684 1751 788 1816; x_wconf 89' lang='lat' dir='ltr'><strong>media</strong></span> <span class='ocrx_word' id='word_1_123' title='bbox 807 1759 996 1835; x_wconf 83' lang='lat' dir='ltr'><strong>pentecoste</strong></span> <span class='ocrx_word' id='word_1_124' title='bbox 1006 1755 1041 1836; x_wconf 81' lang='lat'><strong>⁸)</strong></span> <span class='ocrx_word' id='word_1_125' title='bbox 1062 1757 1227 1822; x_wconf 87' lang='lat' dir='ltr'><strong>concilium</strong></span> 
     </span>
     <span class='ocr_line' id='line_1_17' title="bbox 67 1835 1227 1923; baseline 0.002 -22"><span class='ocrx_word' id='word_1_126' title='bbox 67 1839 278 1920; x_wconf 90' lang='lat' dir='ltr'><strong>compleatur.</strong></span> <span class='ocrx_word' id='word_1_127' title='bbox 319 1835 519 1900; x_wconf 87' lang='lat' dir='ltr'><strong>Admoneant</strong></span> <span class='ocrx_word' id='word_1_128' title='bbox 543 1845 650 1912; x_wconf 83' lang='lat' dir='ltr'><strong>autem</strong></span> <span class='ocrx_word' id='word_1_129' title='bbox 672 1840 952 1918; x_wconf 88' lang='lat' dir='ltr'><strong>comprovinciales</strong></span> <span class='ocrx_word' id='word_1_130' title='bbox 970 1841 1112 1923; x_wconf 85' lang='lat' dir='ltr'><strong>episcopi</strong></span> <span class='ocrx_word' id='word_1_131' title='bbox 1131 1836 1154 1902; x_wconf 90' lang='lat' dir='ltr'><strong>ii</strong></span> <span class='ocrx_word' id='word_1_132' title='bbox 1174 1840 1227 1922; x_wconf 93' lang='lat' dir='ltr'><strong>qui</strong></span> 
     </span>
     <span class='ocr_line' id='line_1_18' title="bbox 66 1919 1228 2008; baseline 0.003 -23"><span class='ocrx_word' id='word_1_133' title='bbox 66 1922 353 2006; x_wconf 79' lang='lat' dir='ltr'><strong>peramplioribus,</strong></span> <span class='ocrx_word' id='word_1_134' title='bbox 385 1921 417 1986; x_wconf 89' lang='lat' dir='ltr'><strong>id</strong></span> <span class='ocrx_word' id='word_1_135' title='bbox 445 1931 497 1985; x_wconf 89' lang='lat' dir='ltr'><strong>est</strong></span> <span class='ocrx_word' id='word_1_136' title='bbox 531 1919 564 1984; x_wconf 91' lang='lat' dir='ltr'><strong>in</strong></span> <span class='ocrx_word' id='word_1_137' title='bbox 598 1923 846 2004; x_wconf 85' lang='lat' dir='ltr'><strong>metropolitanis</strong></span> <span class='ocrx_word' id='word_1_138' title='bbox 880 1924 1063 1988; x_wconf 89' lang='lat' dir='ltr'><strong>civitatibus</strong></span> <span class='ocrx_word' id='word_1_139' title='bbox 1097 1924 1228 2008; x_wconf 78' lang='lat' dir='ltr'><strong>degunt.</strong></span> 
     </span>
     <span class='ocr_line' id='line_1_19' title="bbox 66 2005 1228 2094; baseline 0 -22"><span class='ocrx_word' id='word_1_140' title='bbox 66 2009 256 2072; x_wconf 84' lang='lat' dir='ltr'><strong>Secundum</strong></span> <span class='ocrx_word' id='word_1_141' title='bbox 282 2025 360 2069; x_wconf 88' lang='lat' dir='ltr'><strong>vero</strong></span> <span class='ocrx_word' id='word_1_142' title='bbox 388 2007 553 2070; x_wconf 90' lang='lat' dir='ltr'><strong>concilium</strong></span> <span class='ocrx_word' id='word_1_143' title='bbox 566 2005 684 2094; x_wconf 38' lang='lat' dir='ltr'><strong>&#39;Idibus</strong></span> <span class='ocrx_word' id='word_1_144' title='bbox 717 2005 905 2093; x_wconf 78' lang='lat' dir='ltr'><strong>Octobribus</strong></span> <span class='ocrx_word' id='word_1_145' title='bbox 923 2007 957 2088; x_wconf 77' lang='lat'><strong>⁰)</strong></span> <span class='ocrx_word' id='word_1_146' title='bbox 976 2013 1047 2092; x_wconf 84' lang='lat' dir='ltr'><strong>‘pro</strong></span> <span class='ocrx_word' id='word_1_147' title='bbox 1063 2007 1118 2088; x_wconf 87' lang='lat'><strong>¹⁰)</strong></span> <span class='ocrx_word' id='word_1_148' title='bbox 1153 2011 1228 2072; x_wconf 91' lang='lat' dir='ltr'><strong>vin-</strong></span> 
     </span>
     <span class='ocr_line' id='line_1_20' title="bbox 67 2087 1228 2178; baseline 0.001 -21"><span class='ocrx_word' id='word_1_149' title='bbox 67 2095 198 2158; x_wconf 85' lang='lat' dir='ltr'><strong>demiae</strong></span> <span class='ocrx_word' id='word_1_150' title='bbox 219 2093 411 2174; x_wconf 85' lang='lat' dir='ltr'><strong>temporibus</strong></span> <span class='ocrx_word' id='word_1_151' title='bbox 430 2092 601 2173; x_wconf 83' lang='lat' dir='ltr'><strong>habeatur,</strong></span> <span class='ocrx_word' id='word_1_152' title='bbox 623 2092 677 2172; x_wconf 80' lang='lat' dir='ltr'><strong>qui</strong></span> <span class='ocrx_word' id='word_1_153' title='bbox 698 2091 767 2156; x_wconf 86' lang='lat' dir='ltr'><strong>dios</strong></span> <span class='ocrx_word' id='word_1_154' title='bbox 789 2087 872 2175; x_wconf 86' lang='lat' dir='ltr'><strong>apud</strong></span> <span class='ocrx_word' id='word_1_155' title='bbox 893 2091 1038 2161; x_wconf 80' lang='lat' dir='ltr'><strong>Graecos</strong></span> <span class='ocrx_word' id='word_1_156' title='bbox 1056 2092 1228 2178; x_wconf 79' lang='lat' dir='ltr'><strong>Hyperbo-</strong></span> 
     </span>
     <span class='ocr_line' id='line_1_21' title="bbox 67 2177 1228 2260; baseline 0.001 -16"><span class='ocrx_word' id='word_1_157' title='bbox 67 2181 175 2244; x_wconf 81' lang='lat' dir='ltr'><strong>rctsei</strong></span> <span class='ocrx_word' id='word_1_158' title='bbox 197 2179 316 2242; x_wconf 86' lang='lat' dir='ltr'><strong>mensis</strong></span> <span class='ocrx_word' id='word_1_159' title='bbox 342 2177 484 2242; x_wconf 74' lang='lat' dir='ltr'><strong>(lechnus</strong></span> <span class='ocrx_word' id='word_1_160' title='bbox 509 2177 676 2241; x_wconf 84' lang='lat' dir='ltr'><strong>invenitur.</strong></span> <span class='ocrx_word' id='word_1_161' title='bbox 722 2179 759 2240; x_wconf 89' lang='lat' dir='ltr'><strong>ln</strong></span> <span class='ocrx_word' id='word_1_162' title='bbox 785 2178 865 2260; x_wconf 83' lang='lat' dir='ltr'><strong>ipsis</strong></span> <span class='ocrx_word' id='word_1_163' title='bbox 891 2189 998 2244; x_wconf 85' lang='lat' dir='ltr'><strong>autem</strong></span> <span class='ocrx_word' id='word_1_164' title='bbox 1025 2181 1167 2246; x_wconf 85' lang='lat' dir='ltr'><strong>conciliis</strong></span> <span class='ocrx_word' id='word_1_165' title='bbox 1193 2189 1228 2246; x_wconf 88' lang='lat' dir='ltr'><strong>et</strong></span> 
     </span>
     <span class='ocr_line' id='line_1_22' title="bbox 67 2261 1311 2349; baseline 0.002 -20"><span class='ocrx_word' id='word_1_166' title='bbox 67 2265 278 2349; x_wconf 78' lang='lat' dir='ltr'><strong>presbyteros</strong></span> <span class='ocrx_word' id='word_1_167' title='bbox 293 2271 327 2326; x_wconf 87' lang='lat' dir='ltr'><strong>et</strong></span> <span class='ocrx_word' id='word_1_168' title='bbox 339 2263 492 2326; x_wconf 87' lang='lat' dir='ltr'><strong>diacones</strong></span> <span class='ocrx_word' id='word_1_169' title='bbox 506 2272 540 2325; x_wconf 90' lang='lat' dir='ltr'><strong>et</strong></span> <span class='ocrx_word' id='word_1_170' title='bbox 550 2261 689 2344; x_wconf 82' lang='lat' dir='ltr'><strong>judicos,</strong></span> <span class='ocrx_word' id='word_1_171' title='bbox 708 2262 780 2326; x_wconf 86' lang='lat' dir='ltr'><strong>sive</strong></span> <span class='ocrx_word' id='word_1_172' title='bbox 801 2265 935 2330; x_wconf 85' lang='lat' dir='ltr'><strong>curiales</strong></span> <span class='ocrx_word' id='word_1_173' title='bbox 956 2286 996 2330; x_wconf 89' lang='lat' dir='ltr'><strong>ac</strong></span> <span class='ocrx_word' id='word_1_174' title='bbox 1017 2268 1159 2348; x_wconf 90' lang='lat' dir='ltr'><strong>privatos</strong></span> <span class='ocrx_word' id='word_1_175' title='bbox 1171 2271 1183 2308; x_wconf 87' lang='lat'>¹</span> <span class='ocrx_word' id='word_1_176' title='bbox 1194 2272 1204 2308; x_wconf 88' lang='lat'><strong>¹</strong></span> <span class='ocrx_word' id='word_1_177' title='bbox 1208 2271 1228 2347; x_wconf 72' lang='lat' dir='ltr'><strong>l</strong></span> <span class='ocrx_word' id='word_1_178' title='bbox 1310 2265 1311 2268; x_wconf 68' lang='grc'>’</span> 
     </span>
     <span class='ocr_line' id='line_1_23' title="bbox 68 2353 1235 2435; baseline 0.007 -21"><span class='ocrx_word' id='word_1_179' title='bbox 68 2359 363 2435; x_wconf 68' lang='lat' dir='ltr'><strong>praesumemus</strong></span> <span class='ocrx_word' id='word_1_180' title='bbox 389 2357 527 2430; x_wconf 87' lang='lat' dir='ltr'><strong>oportet,</strong></span> <span class='ocrx_word' id='word_1_181' title='bbox 557 2357 592 2411; x_wconf 90' lang='lat' dir='ltr'><strong>et</strong></span> <span class='ocrx_word' id='word_1_182' title='bbox 618 2359 728 2412; x_wconf 79' lang='lat' dir='ltr'><strong>omnes</strong></span> <span class='ocrx_word' id='word_1_183' title='bbox 754 2357 907 2434; x_wconf 85' lang='lat' dir='ltr'><strong>quotquot</strong></span> <span class='ocrx_word' id='word_1_184' title='bbox 927 2371 965 2416; x_wconf 90' lang='lat' dir='ltr'><strong>se</strong></span> <span class='ocrx_word' id='word_1_185' title='bbox 983 2353 1235 2422; x_wconf 84' lang='lat' dir='ltr'><strong>laesos&#39;existi-.</strong></span> 
     </span>
     <span class='ocr_line' id='line_1_24' title="bbox 68 2434 1227 2517; baseline 0.002 -17"><span class='ocrx_word' id='word_1_186' title='bbox 68 2446 163 2500; x_wconf 85' lang='lat' dir='ltr'><strong>mant</strong></span> <span class='ocrx_word' id='word_1_187' title='bbox 177 2435 233 2514; x_wconf 85' lang='lat'><strong>¹¹)</strong></span> <span class='ocrx_word' id='word_1_188' title='bbox 262 2453 380 2498; x_wconf 73' lang='lat' dir='ltr'><strong>musas</strong></span> <span class='ocrx_word' id='word_1_189' title='bbox 405 2442 550 2498; x_wconf 84' lang='lat' dir='ltr'><strong>ananent</strong></span> <span class='ocrx_word' id='word_1_190' title='bbox 576 2441 610 2497; x_wconf 88' lang='lat' dir='ltr'><strong>et</strong></span> <span class='ocrx_word' id='word_1_191' title='bbox 631 2434 815 2516; x_wconf 81' lang='lat' dir='ltr'><strong>synodicam</strong></span> <span class='ocrx_word' id='word_1_192' title='bbox 836 2445 1007 2517; x_wconf 83' lang='lat' dir='ltr'><strong>expectent</strong></span> <span class='ocrx_word' id='word_1_193' title='bbox 1027 2435 1227 2502; x_wconf 85' lang='lat' dir='ltr'><strong>sententiam.</strong></span> 
     </span>
     <span class='ocr_line' id='line_1_25' title="bbox 70 2518 1228 2603; baseline 0.001 -17"><span class='ocrx_word' id='word_1_194' title='bbox 70 2525 149 2586; x_wconf 90' lang='lat' dir='ltr'><strong>Neo</strong></span> <span class='ocrx_word' id='word_1_195' title='bbox 167 2521 264 2584; x_wconf 86' lang='lat' dir='ltr'><strong>liceat</strong></span> <span class='ocrx_word' id='word_1_196' title='bbox 283 2521 436 2603; x_wconf 69' lang='lat' dir='ltr'><strong>torquibus</strong></span> <span class='ocrx_word' id='word_1_197' title='bbox 457 2518 540 2602; x_wconf 88' lang='lat' dir='ltr'><strong>apud</strong></span> <span class='ocrx_word' id='word_1_198' title='bbox 561 2519 753 2600; x_wconf 76' lang='lat' dir='ltr'><strong>semetipsos</strong></span> <span class='ocrx_word' id='word_1_199' title='bbox 770 2522 903 2584; x_wconf 86' lang='lat' dir='ltr'><strong>coucilia</strong></span> <span class='ocrx_word' id='word_1_200' title='bbox 921 2520 1228 2602; x_wconf 84' lang='lat' dir='ltr'><strong>metropolitanorum</strong></span> 
     </span>
     <span class='ocr_line' id='line_1_26' title="bbox 71 2603 1228 2693; baseline 0.001 -23"><span class='ocrx_word' id='word_1_201' title='bbox 71 2614 173 2690; x_wconf 84' lang='lat' dir='ltr'><strong>queat</strong></span> <span class='ocrx_word' id='word_1_202' title='bbox 193 2625 268 2670; x_wconf 86' lang='lat' dir='ltr'><strong>esse</strong></span> <span class='ocrx_word' id='word_1_203' title='bbox 288 2605 467 2688; x_wconf 87' lang='lat' dir='ltr'><strong>praeseutia</strong></span> <span class='ocrx_word' id='word_1_204' title='bbox 482 2603 538 2683; x_wconf 80' lang='lat'><strong>¹³)</strong></span> <span class='ocrx_word' id='word_1_205' title='bbox 565 2612 598 2666; x_wconf 88' lang='lat' dir='ltr'><strong>et</strong></span> <span class='ocrx_word' id='word_1_206' title='bbox 624 2604 744 2686; x_wconf 86' lang='lat' dir='ltr'><strong>absque</strong></span> <span class='ocrx_word' id='word_1_207' title='bbox 771 2607 1072 2693; x_wconf 87' lang='lat' dir='ltr'><strong>metropolitanorum</strong></span> <span class='ocrx_word' id='word_1_208' title='bbox 1098 2609 1228 2688; x_wconf 76' lang='lat' dir='ltr'><strong>episco-</strong></span> 
     </span>
     <span class='ocr_line' id='line_1_27' title="bbox 70 2685 1227 2776; baseline 0 -20"><span class='ocrx_word' id='word_1_209' title='bbox 70 2708 184 2776; x_wconf 83' lang='lat' dir='ltr'><strong>porum</strong></span> <span class='ocrx_word' id='word_1_210' title='bbox 205 2688 398 2756; x_wconf 84' lang='lat' dir='ltr'><strong>conscientia</strong></span> <span class='ocrx_word' id='word_1_211' title='bbox 419 2690 541 2770; x_wconf 85' lang='lat' dir='ltr'><strong>facere,</strong></span> <span class='ocrx_word' id='word_1_212' title='bbox 570 2688 683 2769; x_wconf 86' lang='lat' dir='ltr'><strong>quibus</strong></span> <span class='ocrx_word' id='word_1_213' title='bbox 703 2687 745 2750; x_wconf 88' lang='lat' dir='ltr'><strong>de</strong></span> <span class='ocrx_word' id='word_1_214' title='bbox 765 2685 908 2754; x_wconf 89' lang='lat' dir='ltr'><strong>omnibus</strong></span> <span class='ocrx_word' id='word_1_215' title='bbox 928 2690 1035 2762; x_wconf 83' lang='lat' dir='ltr'><strong>causis</strong></span> <span class='ocrx_word' id='word_1_216' title='bbox 1054 2691 1227 2760; x_wconf 84' lang='lat' dir='ltr'><strong>veridicum</strong></span> 
     </span>
    </p>
   </div>
   <div class='ocr_carea' id='block_1_7' title="bbox 71 2765 1247 2874">
    <p class='ocr_par' dir='ltr' id='par_1_11' title="bbox 71 2765 1247 2874">
     <span class='ocr_line' id='line_1_28' title="bbox 71 2765 1247 2874; baseline -0.002 -30"><span class='ocrx_word' id='word_1_217' title='bbox 71 2799 116 2844; x_wconf 89' lang='lat' dir='ltr'><strong>ac</strong></span> <span class='ocrx_word' id='word_1_218' title='bbox 135 2767 351 2845; x_wconf 73' lang='lat' dir='ltr'><strong>fidelissimum</strong></span> <span class='ocrx_word' id='word_1_219' title='bbox 368 2783 500 2842; x_wconf 79' lang='lat' dir='ltr'><strong>constat</strong></span> <span class='ocrx_word' id='word_1_220' title='bbox 520 2775 670 2840; x_wconf 82' lang='lat' dir='ltr'><strong>emissum</strong></span> <span class='ocrx_word' id='word_1_221' title='bbox 692 2791 768 2838; x_wconf 86' lang='lat' dir='ltr'><strong>esso</strong></span> <span class='ocrx_word' id='word_1_222' title='bbox 788 2777 963 2842; x_wconf 82' lang='lat' dir='ltr'><strong>sanctionis</strong></span> <span class='ocrx_word' id='word_1_223' title='bbox 975 2775 1128 2874; x_wconf 82' lang='lat' dir='ltr'><strong>judicium</strong></span> <span class='ocrx_word' id='word_1_224' title='bbox 1143 2776 1207 2861; x_wconf 77' lang='lat'><strong>¹⁴).</strong></span> <span class='ocrx_word' id='word_1_225' title='bbox 1231 2765 1247 2800; x_wconf 72' lang='lat'>²</span> 
     </span>
    </p>
   </div>
   <div class='ocr_carea' id='block_1_8' title="bbox 95 3027 1232 3991">
    <p class='ocr_par' dir='ltr' id='par_1_12' title="bbox 115 3027 1232 3585">
     <span class='ocr_line' id='line_1_29' title="bbox 115 3027 1229 3170; baseline 0.004 -18"><span class='ocrx_word' id='word_1_226' title='bbox 115 3029 250 3167; x_wconf 56' lang='lat' dir='ltr'><strong>&#39;itm</strong></span> <span class='ocrx_word' id='word_1_227' title='bbox 258 3027 390 3166; x_wconf 50' lang='lat' dir='ltr'><strong>,iiiior</strong></span> <span class='ocrx_word' id='word_1_228' title='bbox 403 3053 454 3152; x_wconf 59' lang='lat' dir='ltr'><strong>{it</strong></span> <span class='ocrx_word' id='word_1_229' title='bbox 472 3028 1229 3170; x_wconf 51' lang='lat' dir='ltr'><strong>tl.llttltlrltttltlttltll·tlttltlrtt</strong></span> 
     </span>
     <span class='ocr_line' id='line_1_30' title="bbox 141 3167 1229 3236; baseline 0.004 -13"><span class='ocrx_word' id='word_1_230' title='bbox 141 3171 247 3223; x_wconf 77' lang='lat' dir='ltr'><strong>Desunt</strong></span> <span class='ocrx_word' id='word_1_231' title='bbox 269 3168 297 3221; x_wconf 87' lang='lat' dir='ltr'><strong>in</strong></span> <span class='ocrx_word' id='word_1_232' title='bbox 320 3167 455 3221; x_wconf 86' lang='lat' dir='ltr'><strong>codicibus</strong></span> <span class='ocrx_word' id='word_1_233' title='bbox 478 3167 586 3236; x_wconf 87' lang='lat' dir='ltr'><strong>reliquis</strong></span> <span class='ocrx_word' id='word_1_234' title='bbox 610 3167 739 3222; x_wconf 86' lang='lat' dir='ltr'><strong>omnibns.</strong></span> <span class='ocrx_word' id='word_1_235' title='bbox 772 3169 888 3223; x_wconf 80' lang='lat' dir='ltr'><strong>Eosdem</strong></span> <span class='ocrx_word' id='word_1_236' title='bbox 912 3187 947 3226; x_wconf 83' lang='lat' dir='ltr'><strong>cx</strong></span> <span class='ocrx_word' id='word_1_237' title='bbox 969 3173 1062 3226; x_wconf 83' lang='lat' dir='ltr'><strong>eodem</strong></span> <span class='ocrx_word' id='word_1_238' title='bbox 1086 3171 1155 3228; x_wconf 88' lang='lat' dir='ltr'><strong>dant·</strong></span> <span class='ocrx_word' id='word_1_239' title='bbox 1170 3191 1229 3227; x_wconf 88' lang='lat' dir='ltr'><strong>nro-</strong></span> 
     </span>
     <span class='ocr_line' id='line_1_31' title="bbox 142 3237 1229 3312; baseline 0.006 -21"><span class='ocrx_word' id='word_1_240' title='bbox 142 3237 223 3291; x_wconf 87' lang='lat' dir='ltr'><strong>nacbi</strong></span> <span class='ocrx_word' id='word_1_241' title='bbox 248 3238 349 3290; x_wconf 78' lang='lat' dir='ltr'><strong>ordinis</strong></span> <span class='ocrx_word' id='word_1_242' title='bbox 375 3239 404 3290; x_wconf 87' lang='lat' dir='ltr'><strong>S.</strong></span> <span class='ocrx_word' id='word_1_243' title='bbox 427 3237 586 3304; x_wconf 84' lang='lat' dir='ltr'><strong>Benedicti,</strong></span> <span class='ocrx_word' id='word_1_244' title='bbox 614 3239 662 3291; x_wconf 86' lang='lat' dir='ltr'><strong>sed</strong></span> <span class='ocrx_word' id='word_1_245' title='bbox 686 3237 847 3294; x_wconf 83' lang='lat' dir='ltr'><strong>variantibus</strong></span> <span class='ocrx_word' id='word_1_246' title='bbox 875 3241 928 3295; x_wconf 91' lang='lat' dir='ltr'><strong>illis</strong></span> <span class='ocrx_word' id='word_1_247' title='bbox 957 3242 1133 3308; x_wconf 84' lang='lat' dir='ltr'><strong>lectionibus,</strong></span> <span class='ocrx_word' id='word_1_248' title='bbox 1162 3259 1229 3312; x_wconf 81' lang='lat' dir='ltr'><strong>qaas</strong></span> 
     </span>
     <span class='ocr_line' id='line_1_32' title="bbox 142 3307 1228 3390; baseline 0.003 -29"><span class='ocrx_word' id='word_1_249' title='bbox 142 3307 266 3390; x_wconf 82' lang='lat' dir='ltr'><strong>apposito</strong></span> <span class='ocrx_word' id='word_1_250' title='bbox 283 3307 389 3361; x_wconf 86' lang='lat' dir='ltr'><strong>nomina</strong></span> <span class='ocrx_word' id='word_1_251' title='bbox 405 3315 499 3360; x_wconf 80' lang='lat' dir='ltr'><strong>Bencd.</strong></span> <span class='ocrx_word' id='word_1_252' title='bbox 517 3307 672 3362; x_wconf 77' lang='lat' dir='ltr'><strong>notavimus.</strong></span> <span class='ocrx_word' id='word_1_253' title='bbox 723 3319 775 3348; x_wconf 56' lang='lat'><strong>-*</strong></span> <span class='ocrx_word' id='word_1_254' title='bbox 818 3310 847 3377; x_wconf 83' lang='lat'><strong>³)</strong></span> <span class='ocrx_word' id='word_1_255' title='bbox 872 3311 956 3365; x_wconf 84' lang='lat' dir='ltr'><strong>Forte</strong></span> <span class='ocrx_word' id='word_1_256' title='bbox 978 3321 1097 3364; x_wconf 75' lang='lat' dir='ltr'><strong>elatiores</strong></span> <span class='ocrx_word' id='word_1_257' title='bbox 1120 3311 1158 3364; x_wconf 87' lang='lat' dir='ltr'><strong>ait</strong></span> <span class='ocrx_word' id='word_1_258' title='bbox 1175 3313 1228 3364; x_wconf 89' lang='lat' dir='ltr'><strong>Ba-</strong></span> 
     </span>
     <span class='ocr_line' id='line_1_33' title="bbox 142 3377 1232 3448; baseline 0.001 -17"><span class='ocrx_word' id='word_1_259' title='bbox 142 3381 241 3445; x_wconf 87' lang='lat' dir='ltr'><strong>lutrus,</strong></span> <span class='ocrx_word' id='word_1_260' title='bbox 263 3377 333 3430; x_wconf 78' lang='lat' dir='ltr'><strong>forte</strong></span> <span class='ocrx_word' id='word_1_261' title='bbox 355 3385 473 3430; x_wconf 78' lang='lat' dir='ltr'><strong>elatiores</strong></span> <span class='ocrx_word' id='word_1_262' title='bbox 491 3378 665 3432; x_wconf 86' lang='lat' dir='ltr'><strong>Benedictiui.</strong></span> <span class='ocrx_word' id='word_1_263' title='bbox 698 3379 756 3430; x_wconf 87' lang='lat' dir='ltr'><strong>Nos</strong></span> <span class='ocrx_word' id='word_1_264' title='bbox 773 3382 861 3431; x_wconf 82' lang='lat' dir='ltr'><strong>autam</strong></span> <span class='ocrx_word' id='word_1_265' title='bbox 877 3380 927 3434; x_wconf 87' lang='lat' dir='ltr'><strong>boc</strong></span> <span class='ocrx_word' id='word_1_266' title='bbox 944 3384 1053 3433; x_wconf 81' lang='lat' dir='ltr'><strong>verbum</strong></span> <span class='ocrx_word' id='word_1_267' title='bbox 1069 3383 1232 3448; x_wconf 76' lang='lat' dir='ltr'><strong>supervaca-&#39;</strong></span> 
     </span>
     <span class='ocr_line' id='line_1_34' title="bbox 142 3445 1228 3518; baseline 0.001 -18"><span class='ocrx_word' id='word_1_268' title='bbox 142 3465 224 3501; x_wconf 84' lang='lat' dir='ltr'><strong>rreum</strong></span> <span class='ocrx_word' id='word_1_269' title='bbox 238 3447 435 3514; x_wconf 78' lang='lat' dir='ltr'><strong>existimamus,</strong></span> <span class='ocrx_word' id='word_1_270' title='bbox 452 3450 528 3516; x_wconf 85' lang='lat' dir='ltr'><strong>ajunt</strong></span> <span class='ocrx_word' id='word_1_271' title='bbox 545 3449 661 3501; x_wconf 77' lang='lat' dir='ltr'><strong>editores</strong></span> <span class='ocrx_word' id='word_1_272' title='bbox 679 3445 789 3500; x_wconf 76' lang='lat' dir='ltr'><strong>collect.</strong></span> <span class='ocrx_word' id='word_1_273' title='bbox 806 3445 884 3518; x_wconf 82' lang='lat' dir='ltr'><strong>Hisp.</strong></span> <span class='ocrx_word' id='word_1_274' title='bbox 918 3477 955 3490; x_wconf 89' lang='lat'><em>-</em></span> <span class='ocrx_word' id='word_1_275' title='bbox 995 3449 1026 3516; x_wconf 79' lang='lat'><strong>⁴)</strong></span> <span class='ocrx_word' id='word_1_276' title='bbox 1045 3450 1135 3514; x_wconf 76' lang='lat' dir='ltr'><strong>Lege:</strong></span> <span class='ocrx_word' id='word_1_277' title='bbox 1159 3458 1228 3501; x_wconf 77' lang='lat' dir='ltr'><strong>sedt-</strong></span> 
     </span>
     <span class='ocr_line' id='line_1_35' title="bbox 142 3517 1228 3585; baseline 0.003 -16"><span class='ocrx_word' id='word_1_278' title='bbox 142 3527 256 3579; x_wconf 77' lang='lat' dir='ltr'><strong>tiostquc.</strong></span> <span class='ocrx_word' id='word_1_279' title='bbox 273 3519 374 3570; x_wconf 76' lang='lat' dir='ltr'><strong>Beued.</strong></span> <span class='ocrx_word' id='word_1_280' title='bbox 408 3547 444 3560; x_wconf 91' lang='lat'>—</span> <span class='ocrx_word' id='word_1_281' title='bbox 487 3520 517 3585; x_wconf 66' lang='grc' dir='ltr'><strong>ὅ)</strong></span> <span class='ocrx_word' id='word_1_282' title='bbox 534 3524 729 3580; x_wconf 73' lang='lat' dir='ltr'><strong>satisfactionem</strong></span> <span class='ocrx_word' id='word_1_283' title='bbox 745 3517 845 3570; x_wconf 68' lang='lat' dir='ltr'><strong>Beata</strong></span> <span class='ocrx_word' id='word_1_284' title='bbox 879 3541 915 3555; x_wconf 92' lang='lat'>-</span> <span class='ocrx_word' id='word_1_285' title='bbox 957 3517 986 3584; x_wconf 68' lang='grc' dir='ltr'><strong>ο)</strong></span> <span class='ocrx_word' id='word_1_286' title='bbox 1004 3527 1112 3582; x_wconf 79' lang='lat' dir='ltr'><strong>cqltctur</strong></span> <span class='ocrx_word' id='word_1_287' title='bbox 1128 3519 1228 3584; x_wconf 80' lang='lat' dir='ltr'><strong>Boncd.</strong></span> 
     </span>
    </p>

    <p class='ocr_par' dir='ltr' id='par_1_13' title="bbox 116 3585 1226 3658">
     <span class='ocr_line' id='line_1_36' title="bbox 116 3585 1226 3658; baseline 0.002 -18"><span class='ocrx_word' id='word_1_288' title='bbox 116 3588 148 3656; x_wconf 61' lang='grc' dir='ltr'><strong>ἱ)</strong></span> <span class='ocrx_word' id='word_1_289' title='bbox 167 3605 262 3650; x_wconf 80' lang='lat' dir='ltr'><strong>qaoque</strong></span> <span class='ocrx_word' id='word_1_290' title='bbox 284 3587 384 3640; x_wconf 82' lang='lat' dir='ltr'><strong>Benad.</strong></span> <span class='ocrx_word' id='word_1_291' title='bbox 418 3615 454 3628; x_wconf 92' lang='lat'><em>-</em></span> <span class='ocrx_word' id='word_1_292' title='bbox 496 3589 527 3658; x_wconf 81' lang='lat'><strong>⁸)</strong></span> <span class='ocrx_word' id='word_1_293' title='bbox 544 3593 703 3651; x_wconf 71' lang='lat' dir='ltr'><strong>pentecosten</strong></span> <span class='ocrx_word' id='word_1_294' title='bbox 718 3585 818 3638; x_wconf 72' lang='lat' dir='ltr'><strong>cauea</strong></span> <span class='ocrx_word' id='word_1_295' title='bbox 852 3615 888 3626; x_wconf 90' lang='lat'><em>-</em></span> <span class='ocrx_word' id='word_1_296' title='bbox 946 3588 977 3653; x_wconf 65' lang='grc' dir='ltr'><strong>θ)</strong></span> <span class='ocrx_word' id='word_1_297' title='bbox 997 3595 1110 3640; x_wconf 62' lang='lat' dir='ltr'><strong>octabas</strong></span> <span class='ocrx_word' id='word_1_298' title='bbox 1124 3589 1226 3642; x_wconf 85' lang='lat' dir='ltr'><strong>Bonod.</strong></span> 
     </span>
    </p>

    <p class='ocr_par' dir='ltr' id='par_1_14' title="bbox 95 3654 1230 3866">
     <span class='ocr_line' id='line_1_37' title="bbox 95 3654 1230 3798; baseline 0.003 -17"><span class='ocrx_word' id='word_1_299' title='bbox 95 3655 417 3798; x_wconf 47' lang='lat' dir='ltr'><strong>mioroniriieessguuus</strong></span> <span class='ocrx_word' id='word_1_300' title='bbox 435 3654 1230 3796; x_wconf 43' lang='lat' dir='ltr'><strong>-1¹)qucqqnlliqu3.fflqqggnvessbqrqqqtqrqqqqq</strong></span> 
     </span>
     <span class='ocr_line' id='line_1_38' title="bbox 142 3792 1230 3866; baseline 0.003 -17"><span class='ocrx_word' id='word_1_301' title='bbox 142 3812 200 3850; x_wconf 75' lang='lat' dir='ltr'><strong>csso</strong></span> <span class='ocrx_word' id='word_1_302' title='bbox 216 3813 299 3859; x_wconf 72' lang='lat' dir='ltr'><strong>mnes.</strong></span> <span class='ocrx_word' id='word_1_303' title='bbox 318 3807 356 3859; x_wconf 82' lang='lat' dir='ltr'><strong>et,</strong></span> <span class='ocrx_word' id='word_1_304' title='bbox 380 3804 425 3850; x_wconf 85' lang='lat' dir='ltr'><strong>ant</strong></span> <span class='ocrx_word' id='word_1_305' title='bbox 449 3797 482 3850; x_wconf 86' lang='lat' dir='ltr'><strong>ad</strong></span> <span class='ocrx_word' id='word_1_306' title='bbox 506 3797 636 3866; x_wconf 85' lang='lat' dir='ltr'><strong>quaedam</strong></span> <span class='ocrx_word' id='word_1_307' title='bbox 660 3793 713 3847; x_wconf 81' lang='lat' dir='ltr'><strong>alia</strong></span> <span class='ocrx_word' id='word_1_308' title='bbox 737 3792 781 3847; x_wconf 78' lang='lat' dir='ltr'><strong>bio</strong></span> <span class='ocrx_word' id='word_1_309' title='bbox 802 3797 990 3863; x_wconf 80' lang='lat' dir='ltr'><strong>praetermissa</strong></span> <span class='ocrx_word' id='word_1_310' title='bbox 1013 3798 1160 3853; x_wconf 84' lang='lat' dir='ltr'><strong>referenda.</strong></span> <span class='ocrx_word' id='word_1_311' title='bbox 1193 3829 1230 3844; x_wconf 88' lang='lat'>-</span> 
     </span>
    </p>

    <p class='ocr_par' dir='ltr' id='par_1_15' title="bbox 94 3869 1229 3991">
     <span class='ocr_line' id='line_1_39' title="bbox 98 3869 1229 3990; baseline 0.004 -69.986"><span class='ocrx_word' id='word_1_312' title='bbox 98 3869 245 3990; x_wconf 72' lang='lat' dir='ltr'><strong>¹⁴)Bsrcqt</strong></span> <span class='ocrx_word' id='word_1_313' title='bbox 266 3876 293 3919; x_wconf 82' lang='lat' dir='ltr'><strong>rc</strong></span> <span class='ocrx_word' id='word_1_314' title='bbox 314 3876 412 3921; x_wconf 75' lang='lat' dir='ltr'><strong>comm</strong></span> <span class='ocrx_word' id='word_1_315' title='bbox 436 3874 529 3922; x_wconf 66' lang='lat' dir='ltr'><strong>omma</strong></span> <span class='ocrx_word' id='word_1_316' title='bbox 551 3875 721 3929; x_wconf 59' lang='lat' dir='ltr'><strong>macrae,</strong></span> <span class='ocrx_word' id='word_1_317' title='bbox 743 3880 817 3919; x_wconf 74' lang='lat' dir='ltr'><strong>noca</strong></span> <span class='ocrx_word' id='word_1_318' title='bbox 839 3876 942 3931; x_wconf 73' lang='lat' dir='ltr'><strong>proprie</strong></span> <span class='ocrx_word' id='word_1_319' title='bbox 964 3875 1147 3936; x_wconf 65' lang='lat' dir='ltr'><strong>attractentur</strong></span> <span class='ocrx_word' id='word_1_320' title='bbox 1168 3872 1229 3925; x_wconf 89' lang='lat' dir='ltr'><strong>add.</strong></span> 
     </span>
     <span class='ocr_line' id='line_1_40' title="bbox 166 3951 355 3991; baseline 0.005 -1"><span class='ocrx_word' id='word_1_321' title='bbox 166 3951 242 3991; x_wconf 56' lang='lat' dir='ltr'><strong>enos</strong></span> <span class='ocrx_word' id='word_1_322' title='bbox 278 3965 314 3980; x_wconf 77' lang='grc'><strong>““·</strong></span> <span class='ocrx_word' id='word_1_323' title='bbox 354 3953 355 3958; x_wconf 28' lang='lat'>¹</span> 
     </span>
    </p>
   </div>
   <div class='ocr_carea' id='block_1_9' title="bbox 0 0 1441 5036">
    <p class='ocr_par' dir='ltr' id='par_1_16' title="bbox 0 0 1441 5036">
     <span class='ocr_line' id='line_1_41' title="bbox 0 0 1441 5036; baseline 0 0"><span class='ocrx_word' id='word_1_324' title='bbox 0 0 1441 5036; x_wconf 95' lang='lat' dir='ltr'><strong> </strong></span> 
     </span>
    </p>
   </div>
  </div>
 </body>
</html>
