2874 5044
206 263 251 330 to
495 259 738 332 eunomium
759 261 1074 332 Vetrasinum.

206 435 359 520 episcopi,
381 435 413 500 si
432 435 604 500 intestatus
623 437 736 502 obierit
766 432 964 502 denuntietur
984 445 1020 505 ιιι
1040 437 1111 503 sine
1130 435 1359 520 uunpubtant

206 523 262 587 vel
293 521 598 604 comprovintialium
633 483 832 589 sacerdotum
865 520 1165 596 conscientiarum
1195 521 1237 584 dc
1265 523 1361 586 rebus

208 605 351 672 defuncti
372 623 529 690 οοοιιριιιο
541 606 575 688 ¹)
593 617 786 694 pertentent,
808 628 849 674 ne
869 610 951 675 torte
970 612 1003 674 in
1016 608 1055 690 ²)
1071 608 1288 674 immundis
1305 625 1361 672 re-

206 693 268 756 bus
295 694 391 756 etiam
418 694 523 776 aliqua
549 693 590 758 ad
617 694 786 758 ecclesiam
811 697 1000 778 pertinentia
1019 696 1073 760 v'el
1092 695 1247 778 permixta
1265 707 1361 760 usur·

207 786 301 862 pent,
323 779 382 842 sed
402 789 457 842 aut
477 797 580 862 usque
601 780 641 843 ad
662 780 885 844 ordinationem
906 781 1001 844 futuri
1020 785 1193 864 expectent
1209 778 1359 844 antistitis

207 871 264 928 ant
293 871 382 927 certe
409 863 439 928 si
466 866 595 947 longum
623 866 716 929 fuerit
743 865 785 929 ad
813 867 1061 948 metropolitani,
1090 875 1127 929 ut
1155 866 1272 929 dictum
1298 873 1359 966 est,

206 949 432 1014 ordinationem
463 957 631 1014 recurrant.
696 948 734 1014 Si
768 953 839 1034 quis
876 960 982 1014 autem
1017 950 1178 1015 inmemor
1191 951 1227 1032 ⁸)
1262 951 1359 1014 divini
1420 1017 1421 1026 ,

207 1035 328 1100 umoris
349 1044 457 1099 contm
476 1035 558 1099 liaeo
579 1032 749 1116 senciw)
776 1037 930 1121 synodice
948 1038 1084 1102 clericus
1105 1035 1285 1121 quisque·⁵)
1304 1037 1358 1102 vel

208 1121 310 1185 laicus
324 1119 433 1184 venire
453 1122 591 1204 improba
610 1129 716 1185 mente
737 1121 917 1205 tentaverit,
939 1131 973 1187 et
993 1125 1208 1187 commuuione
1228 1131 1263 1186 et
1278 1139 1359 1185 con-

207 1208 465 1290 sortioprivetnr
485 1207 653 1288 ecclesiae,
674 1207 749 1289 quia
768 1207 876 1272 durum
898 1217 949 1272 est
965 1217 1002 1272 ut
1022 1209 1063 1273 ad
1083 1209 1170 1272 illam
1187 1205 1359 1274 conveniet
1421 1219 1422 1222 ’

207 1310 301 1376 quem
317 1293 476 1374 expoliare
494 1310 557 1356 nou
569 1293 692 1376 metuit,
705 1293 767 1356 nisi
782 1293 863 1358 forte
879 1295 990 1376 spiritu
1007 1293 1125 1358 meliori
1141 1292 1357 1376 correptusi),

207 1377 282 1442 dum
309 1396 330 1441 a
354 1379 607 1460 praesumptione
634 1381 832 1464 cessaverit,
866 1389 1032 1463 recuperet
1057 1379 1310 1462 indulgentiam(
1331 1379 1359 1440 si
1422 1350 1423 1442 i

207 1471 314 1527 eutem
347 1463 570 1546 rationabiliter
595 1463 802 1547 modesteque
827 1469 1043 1548 unusquisque
1071 1474 1197 1550 repetat
1211 1464 1245 1545 r)
1273 1463 1358 1546 quod

205 1549 267 1613 sibi
289 1546 361 1628 jura
388 1547 536 1632 debetur,
565 1549 596 1611 ei
626 1551 746 1632 absque
774 1548 878 1634 aliqua
906 1549 1176 1615 animadversione
1197 1569 1218 1613 a
1238 1559 1358 1612 metro·

205 1635 344 1717 politano
365 1635 419 1698 vel
440 1635 493 1700 eni
514 1633 682 1715 injunxerit
702 1643 830 1700 autres
851 1643 908 1700 aut
927 1640 1007 1702 ratio
1026 1655 1089 1700 nou
1109 1645 1251 1720 negetur.
1284 1637 1357 1700 lloc

205 1721 301 1783 etiam
326 1737 437 1783 omnes
461 1738 582 1784 canone
610 1719 862 1805 oonstriugendi,
888 1720 944 1804 qui
969 1725 1002 1785 in
1027 1725 1228 1804 praeteritum
1243 1720 1278 1802 ⁸)
1303 1737 1358 1785 res
1423 1737 1424 1758 ι

200 1805 363 1871 acclesiae
381 1807 436 1871 vel
456 1807 598 1889 episcopi
616 1813 807 1888 usurpantes
826 1807 1017 1891 diripuerunt
1031 1807 1075 1888 ⁰).

241 1932 299 2000 tv.
338 1933 391 1998 De
412 1937 554 2018 exequiis
575 1934 741 1998 morientia
763 1937 905 2018 episcopi
926 1935 1063 2019 qualitor
1079 1932 1134 2016 ¹⁰)
1160 1933 1316 1998 dometur.

203 2074 206 2085 .
291 2018 371 2084 lllud
383 2020 487 2083 et'mm
505 2016 636 2102 provido
652 2019 783 2084 oonsilio
803 2019 1012 2088 decernentes
1025 2015 1091 2103 ¹¹),
1110 2029 1147 2082 ut
1163 2019 1237 2102 quia
1256 2035 1359 2101 saepe

202 2113 384 2190 sanctorum
418 2106 593 2168 antistitum
624 2123 681 2187 per
714 2106 890 2172 absentiam
921 2103 1184 2170 commendatoris
1215 2099 1359 2186 episcopi

202 2189 361 2273 exequiae
382 2187 904 2274 dffenmtu1‚ita.utveneranda
925 2189 1082 2271 pontificis
1101 2187 1257 2269 membra,
1280 2187 1357 2257 dum

205 2275 326 2340 tardius
349 2275 546 2357 funerantur,
572 2274 702 2360 injuriae
728 2275 851 2339 omnino
871 2275 1077 2356 subjaceant,
1105 2275 1275 2360 episeopus
1302 2274 1358 2354 qui

200 2369 281 2444 ‚post
299 2369 431 2424 mortem
450 2361 554 2426 fratris
572 2361 615 2426 ad
635 2358 850 2444 sepeliendum
871 2378 943 2420 eum
963 2359 1047 2422 solet
1065 2355 1218 2420 invitatus
1239 2367 1359 2418 occur-

203 2466 295 2528 rere,
322 2445 474 2510 infirmum
501 2445 606 2530 magis
632 2455 666 2508 et
693 2443 796 2510 adhuc
816 2443 849 2508 in
871 2461 1000 2524 corpore
1020 2443 1157 2527 positum
1177 2440 1359 2508 admonitus
1425 2445 1426 2516 l

204 2533 336 2600 visitare
364 2553 427 2596 non
455 2531 597 2596 differat:
627 2539 663 2592 ut
687 2538 743 2592 aut
769 2529 810 2594 de
836 2529 1028 2593 relevatione
1044 2525 1099 2608 ¹²)
1120 2525 1359 2592 consacerdotis

205 2619 340 2700 amplius
359 2617 515 2704 gaudeat,
535 2625 591 2682 eut
612 2624 699 2681 certe
721 2614 762 2680 de
784 2613 977 2682 ordinatione
997 2614 1110 2679 domus
1129 2632 1208 2678 suaa
1228 2613 1357 2676 fratrem

205 2703 374 2768 admoneat
394 2703 528 2786 ejusque
546 2701 737 2782 probabilem
756 2702 952 2766 voluntatem
971 2703 1004 2764 in
1025 2699 1175 2764 effectum
1194 2695 1358 2765 transmit-

200 2779 273 2873 tat,
299 2806 340 2852 ac
365 2787 568 2851 recedentem
594 2806 614 2849 a
640 2785 866 2866 saeculo-post
888 2786 1026 2868 oblatum
1045 2781 1079 2850 in
1098 2783 1171 2868 ejus
1191 2802 1355 2849 commen-

202 2873 362 2938 dationem
375 2871 433 2954 Η)
457 2869 647 2934 sacrificium
672 2868 756 2955 deo,
783 2888 859 2934 mox
884 2871 1066 2951 sepulturae
1092 2869 1197 2934 tradat
1215 2867 1356 2954 diligen-

198 2961 328 3030 tissime
355 2966 389 3020 et
415 2957 575 3039 superius,
589 2953 763 3020 constituta
788 2955 942 3020 canonica
956 2952 1012 3035 14)
1047 2974 1111 3020 non
1142 2954 1267 3020 differat
1294 2953 1356 3018 ad-

202 3045 343 3125 implere.
398 3039 436 3106 si
464 3051 591 3130 aqtem,
622 3050 658 3104 ut
683 3040 751 3104 ficri
779 3041 882 3122 solet,
916 3038 1050 3106 antistes
1078 3038 1164 3104 obitu
1189 3041 1354 3122 repentino

204 3124 412 3211 discesserit,
444 3121 479 3190 'et
510 3124 710 3211 collimitanei
744 3126 929 3191 sacerdotes
961 3124 1002 3192 de
1032 3125 1201 3211 longinquo
1226 3123 1354 3193 minime

96 3260 98 3264 ι
204 3215 321 3282 adesse
340 3214 516 3296 potuerint,
542 3232 605 3275 nno
626 3211 677 3276 die
698 3219 820 3276 tautum
841 3231 913 3274 cum
933 3219 1028 3276 nocte
1049 3214 1260 3275 exanimatum
1281 3230 1356 3274 cor·-

203 3299 369 3385 pusculum
388 3291 563 3363 sacerdotis
579 3296 646 3377 ¹⁵),
672 3316 735 3366 non
753 3297 823 3360 sine
843 3297 971 3362 fratrum
993 3315 1032 3360 ao
1051 3293 1266 3380 religiosorum
1285 3295 1355 3360 fre-

205 3385 333 3469 quentia
362 3384 418 3448 vel
443 3375 643 3484 psallentium
670 3379 879 3446 excubatione
905 3392 1085 3469 servatum,
1112 3401 1133 3448 a
1159 3381 1356 3464 presbyteria

203 3490 277 3538 cum
295 3467 565 3554 omuidilrgentia
583 3469 617 3530 in
636 3468 739 3531 loculo
756 3464 810 3547 ¹⁸)
825 3467 984 3532 conditum
1002 3486 1144 3531 seorsum
1163 3487 1227 3531 nco
1246 3467 1356 3530 statim

204 3557 366 3640 humetur,
396 3552 457 3620 sed
478 3545 648 3621 honorilice
670 3552 919 3637 commendetur,
948 3553 1049 3618 donec
1074 3553 1251 3634 sinemora
1270 3549 1356 3614 iuvi·

203 3652 272 3708 tato
293 3639 511 3726 undecumque
532 3637 681 3722 pontifice
694 3638 765 3718 ¹²),
790 3641 829 3703 ab
850 3639 920 3722 ipso
942 3648 978 3703 ut
999 3637 1156 3703 coudecet
1176 3633 1357 3703 solemniter

204 3729 395 3809 tumuletur,
420 3736 458 3792 nt
483 3719 530 3804 et'
543 3723 674 3806 injuriae
700 3724 825 3788 tolletur
850 3725 978 3791 occasio
1006 3732 1043 3810 et
1064 3741 1135 3788 mos
1155 3724 1301 3808 antiquus
1321 3723 1354 3789 in

201 3812 395 3898 sepeliendis
411 3812 636 3896 sacerdotibus
653 3811 880 3900 sewetm15).
921 3872 935 3886 ,,
983 3845 987 3852 ·

410 3932 452 3996 V.
494 3927 661 4016 Nema
685 3888 1150 3995 cinoloitarum-dertosa
1218 3884 1222 3892 Ι

288 4017 363 4082 lloc
384 4019 480 4085 etiam
500 4019 635 4102 placuit,
656 4025 693 4080 ut
711 4033 818 4102 vagos
839 4024 936 4099 atque
955 4015 1111 4080 instabilis
1130 4011 1265 4078 ereneus
1284 4011 1354 4076 sive

240 4239 271 4377 il
285 4236 592 4373 ttt‘ttt‘lxlt
611 4235 799 4367 altu
815 4230 880 4342 ll·
898 4230 1199 4368 {struet
1214 4230 1355 4369 'tte

273 4373 619 4445 rrtttmenengulrm)
641 4377 679 4427 Μ.
713 4400 750 4414 ·-
785 4371 1354 4440 tionttanetproeterttmmteflr-

273 4447 403 4502 tummim
421 4465 455 4500 ur.
473 4447 512 4498 Μ.
558 4473 594 4484 -
641 4443 971 4513 neemanim-2·
1014 4441 1284 4508 ¹⁰)etcnaltlerMa
1319 4467 1354 4480 -·

221 4516 525 4586 ¹¹)oeereormeetll.
565 4541 602 4553 -
639 4514 914 4581 ¹²)reoetcttonalll.
953 4539 988 4553 -
1025 4509 1076 4578 1θ)
1095 4509 1355 4564 cmmesdnttoncltl.

210 4583 559 4654 vttiecnonsceinmdi·
601 4609 637 4624 -·
675 4585 726 4652 Η)
743 4593 842 4638 nonem
859 4583 919 4636 add.
937 4581 974 4636 Μ.
1010 4607 1047 4622 -
1084 4579 1357 4648 ιθ)ιοιιιὶιιιιι.Μ.

220 4659 271 4726 Η)
288 4663 429 4710 scandona
445 4668 537 4718 tmen
554 4651 615 4707 add.
632 4649 661 4708 in
679 4671 712 4707 nr.
729 4654 769 4710 Μ.
803 4681 840 4698 ·-
878 4653 930 4722 Η)
946 4659 1092 4705 obiecerat*
1107 4651 1145 4703 bt.
1179 4677 1216 4692 -
1268 4680 1272 4690 ·
