2858 5036
181 193 247 270 m
514 196 756 270 cundum
775 199 999 272 dmm

180 371 310 452 serviet,
330 369 445 456 synodi
464 368 549 438 circs
571 391 610 438 se
630 373 872 440 benevolentiae
893 372 1018 458 gratiss·
1034 377 1123 458 aget,
1143 387 1346 455 semperque

179 455 341 542 indignum
363 475 402 522 se
423 457 551 526 indultis
571 467 606 524 et
625 461 753 544 negatis
773 462 921 544 imperem
942 477 1019 526 esse
1038 460 1183 524 intentur.

208 594 265 660 Vi.
311 593 359 662 Ut·
383 596 535 679 desueto
563 599 711 682 episcopo
740 597 1011 668 ecclesiaeditione
1038 617 1148 664 curum
1178 596 1312 660 coenos

196 737 203 750 .
584 691 681 770 gerni
705 687 871 769 epiecopus
886 683 929 765 ι).

271 801 308 866 in
340 819 504 867 commune
537 809 641 868 autem
674 821 784 866 omnes
816 804 869 886 qui
903 801 1117 868 convenerant
1148 799 1343 868 sacerdotes

178 883 384 968 sibimetipsis
411 897 520 952 contro
545 887 721 972 hujusmodi
747 887 897 952 scandolo
917 887 1169 970 praecavendum
1194 903 1343 950 censue-

178 981 259 1036 runt
301 973 414 1056 ltaque
440 981 567 1056 propter
596 972 750 1056 ejusmodi
778 973 985 1038 temeritatem
998 971 1034 1056 Ι)
1067 974 1122 1037 tali
1151 972 1340 1038 definitione

179 1057 358 1122 consultum
386 1066 456 1142 est,
483 1067 521 1124 ut
540 1059 581 1126 de
604 1068 711 1124 cetero
732 1059 950 1124 observaretur
970 1078 1010 1122 ne
1032 1059 1103 1140 quis
1120 1057 1161 1124 ad
1182 1077 1256 1122 eom
1277 1077 1342 1120 ec-

180 1143 310 1209 elesiam
322 1189 332 1228 ,
364 1163 447 1228 quae
480 1145 664 1230 episcopum
695 1143 902 1229 perdidisset,
932 1143 993 1208 nisi
1019 1145 1145 1209 vieinee
1172 1143 1338 1208 ecciesiae

180 1229 352 1311 episcopus
390 1233 592 1315 exequiarum
630 1239 772 1312 tempore
811 1229 1000 1296 accederet:
1044 1231 1098 1311 qui
1135 1227 1340 1310 [visitatoris

179 1317 253 1378 vice
266 1313 316 1395 ⁸)]
338 1324 445 1378 tamen
466 1315 573 1380 statinr
594 1315 752 1380 ecelesiae
772 1316 872 1398 ipsius
893 1333 999 1380 curam
1021 1313 1252 1378 districtissime
1274 1335 1339 1398 ge-

179 1408 272 1480 reret,
294 1417 335 1462 ne
356 1398 431 1482 quid
452 1409 525 1464 ante
545 1399 769 1465 ordinationem
790 1399 1032 1466 discordantium
1047 1398 1125 1480 111⁴)
1141 1402 1339 1466 novitatibus

180 1483 363 1548 olorinorum
383 1484 580 1551 subversioni
600 1487 718 1551 iioeret
758 1487 870 1570 ltaque
891 1505 962 1552 cnm
983 1485 1049 1550 tole
1071 1485 1185 1568 aliquid
1207 1485 1338 1568 aeddi,

179 1569 301 1718 viciqis
313 1569 485 1636 vicinorum
506 1574 711 1638 ecclesiarum
732 1573 909 1658 inspectio,
936 1572 1080 1638 recensio
1100 1572 1338 1658 descriptioque

181 1670 256 1718 man
275 1663 353 1720 etur.

205 1739 292 1820 ⁸Vll.
333 1739 386 1810 Ne
406 1744 477 1828 quie
497 1743 543 1820 ad
563 1742 796 1818 ordinationem
823 1741 1026 1810 centurio·
1051 1743 1292 1830 rmrrnrobrani

577 1829 683 1893 literis
711 1831 871 1894 invitatus
886 1827 930 1912 ὅ).

268 1947 361 2014 Haec
388 1957 494 2012 autern
522 1951 627 2016 omnia
651 1949 852 2031 exequiarum
880 1957 1022 2029 tempore
1046 1965 1149 2029 usque
1169 1945 1211 2014 ad
1232 1945 1340 2028 septi·

179 2049 264 2095 mam
284 2033 424 2098 defuncti
445 2034 528 2098 diem
548 2043 635 2119 aget.
676 2035 759 2100 Exin
786 2054 824 2100 se
838 2033 873 2114 ⁶)
900 2033 1061 2098 ecciesiae
1081 2032 1222 2096 referens
1242 2052 1338 2101 man-

180 2116 288 2180 datum
315 2120 560 2202 metropolitani,
592 2121 685 2184 simul
710 2140 782 2184 cum
811 2116 954 2184 omnibus
979 2119 1102 2184 sonem
1117 2117 1150 2196 7)
1172 2119 1336 2201 episcopis

182 2202 362 2284 opperietur
377 2203 427 2286 ο).
489 2205 562 2268 Nec
599 2207 764 2288 quisquam
796 2205 837 2268 ad
868 2205 1038 2268 ecclesiam
1067 2221 1150 2285 quae
1178 2223 1336 2270 summ

180 2287 330 2350 omisernt
347 2287 546 2351 sacerdotem
568 2291 631 2353 nisi
654 2291 882 2372 metropolitani
901 2288 999 2354 literis
1011 2287 1172 2354 inviocn
1189 2291 1336 2376 meoet,

182 2391 225 2436 ne
246 2391 267 2438 a
285 2373 378 2456 picbc
398 2371 573 2456 decipietur
599 2384 632 2440 et
652 2376 717 2440 vim
735 2377 802 2460 pati
822 2376 964 2440 voluisse
984 2374 1138 2440 videatur.

338 2511 423 2578 Vlii.
467 2511 511 2578 Ut
530 2509 674 2600 singulis
687 2517 781 2579 annis
802 2511 974 2598 dini·flant
994 2517 1177 2578 conuentus.

122 2695 127 2702 .
268 2629 360 2712 Quae
387 2631 552 2696 voluntate
580 2634 737 2698 communi
765 2637 798 2698 in
825 2635 994 2698 voluntate*
1020 2630 1136 2698 comui
1162 2629 1337 2696 constituta

181 2735 292 2782 omnes
313 2719 467 2783 communi
486 2736 646 2782 consensu
666 2719 884 2793 conservande
904 2737 1025 2800 neque,
1047 2715 1132 2799 quod
1150 2715 1245 2798 absit,
1265 2714 1335 2780 sine

181 2801 305 2865 offenso
332 2802 468 2864 omnium
497 2819 536 2864 oe
564 2801 617 2864 dei
642 2822 664 2869 a
691 2823 846 2887 quoquam
877 2803 1136 2887 transgredienda
1167 2801 1337 2866 definiunt:

95 2964 96 2968 Ἰ
181 2885 368 2968 rejicientes
404 2894 442 2948 ut
471 2885 645 2951 secundum
677 2891 836 2973 antiquom
866 2889 1140 2970 constitutionem,
1178 2888 1207 2951 si
1244 2890 1335 2969 quies

182 2981 356 3054 temporum
381 2971 455 3055 erit,
484 2972 534 3038 bis
560 2974 592 3036 in
618 2994 700 3038 enno
727 2983 904 3040 conventus
930 2983 1046 3059 egunt,
1077 2992 1117 3036 ac
1143 2981 1233 3035 certe
1255 2975 1335 3036 inter

183 3057 341 3140 quaslibet
366 3056 562 3139 anxietates,
588 3062 747 3144 neglectis
773 3063 904 3144 propriis
925 3079 964 3124 ao
984 3057 1167 3123 domesticis
1187 3060 1337 3122 necessi-

183 3139 302 3205 tutibus
314 3184 325 3221 ,
358 3141 450 3202 simul
475 3145 595 3224 gratias
622 3155 758 3228 agentes
787 3147 848 3209 deo
860 3192 871 3229 ,
902 3147 1004 3209 solnm
1035 3143 1194 3222 ecclesiae
1229 3163 1337 3206 reme-

183 3226 269 3290 dium
289 3233 408 3290 remoto
436 3227 563 3292 ultionis
589 3231 747 3315 prurigine
774 3240 870 3314 etque
898 3233 981 3296 omni
1010 3230 1208 3308 animositate
1235 3249 1337 3312 quae·
1417 3255 1418 3290 r

180 3321 253 3378 rent
266 3311 312 3396 ο).

183 3456 384 3476 m

227 3537 337 3670 iit·
351 3543 381 3660 ἔ·
400 3541 446 3660 d‘
463 3541 1080 3674 ‘dutitisttitttttm
1101 3539 1338 3670 duritiis

253 3678 282 3732 in
306 3677 410 3744 Regii
437 3683 465 3730 et
488 3677 608 3742 Cotton,
631 3683 658 3728 et
680 3675 710 3728 in
727 3675 759 3727 C.
776 3675 813 3728 H.
864 3701 900 3714 -
958 3673 988 3740 ⁴)
1007 3682 1033 3725 tn
1050 3671 1171 3726 deestin
1188 3673 1293 3738 Rem
1311 3677 1338 3724 et

210 3773 213 3780 ’
254 3747 362 3801 Cotton.
396 3747 510 3804 Quidem
533 3745 578 3800 eiii
599 3753 782 3808 {multatione
827 3772 863 3784 -·-
920 3743 949 3812 ὅ)
969 3747 1029 3798 Gon.
1052 3749 1092 3797 Vi.
1125 3747 1157 3796 iit
1173 3751 1268 3804 obeunte
1284 3761 1336 3796 are·

255 3825 403 3881 tropotitcno
419 3823 503 3872 nudor
520 3823 649 3870 ordinetur
665 3823 796 3878 ennom
813 3813 846 3868 C.
862 3813 898 3869 Η.
931 3843 968 3856 --
1015 3813 1046 3880 θ)
1063 3807 1169 3866 σακία
1187 3813 1218 3864 C.
1236 3813 1273 3866 H.
1302 3837 1337 3852 ·-·

220 3888 352 3957 speeie
368 3887 413 3940 AE.
453 3911 490 3926 -
537 3883 833 3956 uenenorum
873 3911 910 3924 ·-
960 3883 1087 3952 ⁹)Hunc
1110 3885 1198 3936 iocunr
1220 3881 1250 3936 in
1272 3884 1337 3938 bisc.

255 3964 285 4012 et
307 3957 386 4011 editis
408 3955 485 4010 vaide
509 3953 658 4007 intricatum
682 3969 717 4004 ex
740 3951 856 4006 editione
873 3951 985 4005 Biniena
1009 3969 1127 4006 necnon
1148 3967 1183 4004 ex
1202 3951 1337 4006 codicibus

256 4027 358 4094 liegii
382 4031 409 4078 et
431 4022 558 4078 iesuitc
582 4022 754 4078 restituerunt
776 4019 897 4076 monccbi
922 4020 1023 4076 ordinis
1046 4024 1074 4075 S.
1098 4019 1247 4076 Benedicti.
1281 4023 1337 4076 Sir·
1417 4067 1418 4072 ,

256 4097 347 4159 reond,
366 4101 462 4162 puncto
480 4101 540 4163 port
556 4094 665 4148 verbum
682 4101 757 4156 want
774 4090 938 4160 interposito,
956 4091 995 4144 aio
1013 4091 1106 4144 behet:
1133 4097 1205 4143 verte
1223 4128 1229 4140 .
1246 4128 1273 4142 ..
1292 4109 1336 4143 ne-

260 4173 418 4220 cessitatibus
448 4171 613 4225 quoquomodo
637 4169 711 4220 airnul
732 4171 828 4228 pretim
850 4170 951 4226 rpentes
975 4169 1035 4221 deo,
1060 4177 1108 4222 quo
1131 4169 1240 4213 dormio
1263 4169 1335 4226 quid-

257 4243 317 4300 quid
340 4241 438 4298 'spiritu
465 4242 625 4286 conuenerit
652 4241 844 4296 conserpentes,
874 4237 953 4284 cotum
980 4229 1102 4283 ecciesiae
1128 4237 1264 4283 remedium
1417 4245 1418 4248 ’

258 4313 420 4374 quaererent.
473 4303 548 4356 Haec
570 4305 667 4372 verbs:
696 4309 814 4365 quidm
839 4325 876 4340 -
903 4309 1078 4364 consurgentes
1101 4305 1130 4352 ut
1152 4299 1263 4354 insititio
1288 4312 1337 4352 ex·

256 4383 407 4444 punxerunt
423 4373 486 4441 quie
506 4374 600 4426 obsunt
616 4387 633 4424 a
650 4373 750 4438 inens
768 4378 796 4424 ct
813 4371 867 4424 ies.
881 4369 912 4423 0.
946 4371 1071 4424 ceterum
1094 4375 1164 4422 totus
1187 4369 1231 4423 irio
1253 4383 1336 4422 canon

258 4446 332 4497 deest
355 4443 384 4502 in
407 4445 493 4511 Regg.
509 4443 548 4508 F,
566 4443 607 4507 lt,
629 4439 750 4506 oetion,
775 4441 828 4495 Jes.
845 4441 888 4506 B,
917 4437 945 4493 in
969 4439 1087 4493 editione
1110 4438 1233 4503 bieriini,
1260 4447 1289 4492 et
1310 4437 1335 4489 in

255 4511 349 4637 (03,on
362 4513 437 4596 Hisp,
471 4515 502 4574 id
519 4512 635 4572 editione
654 4513 818 4568 Crabbesrar
833 4527 858 4566 a.
875 4508 944 4570 teil
955 4586 958 4592 Ι
970 4509 1082 4580 punem
1098 4508 1200 4578 prodiit
1216 4523 1251 4562 ex
1270 4507 1334 4562 cod.

281 4601 322 4636 ern
350 4600 448 4638 noenu.
482 4609 517 4626 —-
