2868 5040
298 336 314 356 ,ι
363 219 941 320 macmmnrunomounn.
1161 261 1228 328 aa

8 451 13 462 .
66 424 175 488 literis
200 423 385 504 episcopum
413 419 554 486 ordinare
580 431 778 502 puero-ret:
810 423 894 505 qued
920 426 949 488 si
975 427 1048 508 quis
1071 421 1226 496 manaim

66 507 263 589 tentaverit,
290 507 478 572 sententiam
504 506 536 568 in
562 508 765 571 anterioribus
795 509 969 574 canonibus
993 513 1144 592 prolatam
1164 517 1225 580 olr-
1341 543 1343 548 v

67 602 201 676 servet,
227 602 262 656 et
289 612 309 655 a
335 589 457 654 nostra
472 593 606 656 caritate
635 611 736 674 usquo
764 593 806 656 ad
832 593 980 674 majorem
1006 597 1160 678 synodum
1185 621 1224 664 aa

67 687 255 760 cognoscat
274 686 425 739 remotum
446 686 480 739 et
500 680 822 758 excommunicatum,
851 680 925 759 quia
939 678 972 757 ¹)
994 683 1105 746 marito
1126 704 1146 749 r
1165 704 1224 750 oa·

67 765 170 826 ritate
191 771 298 825 nostra
319 763 372 824 vel
393 762 509 824 nostris
530 763 677 826 ecclesiis
697 773 909 846 segregantur
924 765 992 846 ·qui
1011 776 1134 846 petrum
1154 780 1225 835 ata·

65 857 144 912 tuta
162 853 373 912 contemnunt

125 965 167 1034 X.
214 962 257 1026 Ut
277 961 381 1025 nullas
403 962 535 1026 clericus
556 970 746 1027 extraneam·
761 964 923 1028 mulierem
943 969 1030 1030 domi
1050 969 1176 1035 deden.
1222 940 1225 946 ¹

162 1067 211 1127 De
231 1063 489 1128 lamiliaritatibns
509 1067 670 1130 muliemm
690 1067 766 1128 licet
781 1068 919 1130 crebrius
940 1070 982 1134 sit
1002 1069 1034 1132 in
1054 1073 1227 1138 canonibus

68 1153 277 1234 replicatum,
310 1157 451 1212 attamen
479 1171 615 1214 necesse
642 1159 710 1232 ast,
742 1159 778 1214 nt
805 1153 834 1214 si
863 1163 953 1216 sacta
980 1155 1117 1238 virgulta
1144 1178 1226 1240 quae

72 1240 163 1300 male
190 1237 417 1317 pullulaverant
441 1235 584 1318 redeant,
616 1241 724 1300 rrrrsirs
749 1236 823 1299 iidei
850 1237 932 1300 falce
952 1231 1173 1308 succindentur
1194 1254 1228 1307 et

66 1322 142 1405 jam
170 1322 318 1384 radicitus
348 1329 500 1382 eruantur.
549 1323 663 1384 Nullus
693 1341 769 1404 ergo
798 1322 948 1403 deinceps
969 1325 1149 1389 clericorum
1170 1346 1227 1409 pro

70 1409 248 1471 occasione
266 1403 513 1485 necessitatis'2)
534 1415 589 1468 aut
605 1425 704 1470 causa
718 1405 905 1470 ordinandae
920 1407 1030 1472 domus
1046 1421 1227 1477 extraneam

71 1494 239 1558 mulierem
266 1493 297 1553 irr
326 1491 416 1552 domo
443 1509 502 1552 sua
530 1485 646 1554 habere
675 1501 862 1572 praesumat.
905 1494 1039 1556 luteum
1063 1494 1230 1576 jubeamur·

71 1583 199 1642 victum
228 1586 283 1640 aut
309 1578 461 1638 uestitum
481 1577 651 1639 'artificiolo
667 1575 831 1658 'quaerere
863 1585 896 1640 et
927 1581 1069 1643 manibus
1095 1586 1227 1666 propriis
1286 1597 1293 1612 ⁸
1337 1623 1341 1630 -

69 1667 227 1743 laborare,
243 1662 316 1743 quid
337 1681 417 1742 opus
439 1669 491 1722 est
511 1661 542 1722 in
563 1662 654 1724 domo
675 1672 854 1742 serpentem
874 1664 1031 1728 includere
1051 1685 1106 1746 pro
1120 1679 1225 1750 veste,

70 1769 160 1833 quae
186 1748 400 1809 multiformem
424 1754 550 1808 vestem
578 1756 830 1827 nonpropterea
860 1748 987 1828 deponit
1018 1757 1054 1811 nt
1081 1753 1224 1834 nudetur,
1321 1801 1324 1807 .

70 1835 138 1899 sed
169 1841 205 1896 nt
234 1852 272 1902 se
300 1834 373 1894 durn
400 1841 567 1902 renovatur
594 1831 741 1899 ostendat
770 1829 958 1902 clariorem?
1005 1835 1130 1909 Nullus·
1148 1856 1225 1919 ergo
1269 1903 1272 1908 ,
1303 1875 1306 1883 ,

21 1939 39 1966 ³
66 1921 277 2000 clericorum,
303 1937 365 1982 non
387 1919 572 1997 episcopus,
599 1917 861 1999 nonpresbyter,
888 1937 951 1980 nnn
970 1917 1136 2002 decenam,
1164 1941 1226 1984 non

72 2007 292 2072 subdiaconus
329 2003 421 2084 quasi
454 2002 721 2065 sanctimonialem
752 2011 807 2064 aut
841 2001 967 2064 viduam
998 2002 1053 2065 vel
1084 2005 1228 2068 ancillam

72 2091 232 2174 propriam
257 2107 313 2169 pro
340 2084 580 2150 conservatione
605 2106 705 2149 rerum
726 2089 757 2161 in
780 2087 874 2150 domo
894 2106 954 2152 sua
974 2089 1113 2155 stabilire
1133 2110 1231 2172 prae«

75 2185 206 2258 sumat,
231 2193 313 2255 quae
340 2182 375 2236 et
391 2173 472 2253 *ipsa
500 2182 650 2234 extranea
674 2180 742 2253 est,
770 2172 843 2235 dum
873 2192 935 2234 non
962 2184 1014 2236 est
1043 2183 1145 2240 mater
1173 2186 1231 2244 aut

75 2281 169 2326 soror
200 2267 255 2322 aut
284 2259 371 2340 filia,
405 2276 487 2338 quae
515 2257 610 2330 etiam
635 2259 763 2338 pronior·
783 2256 999 2340 propinquabit
1025 2260 1066 2324 ad
1094 2263 1228 2346 culpam,

75 2350 154 2412 dum
184 2346 378 2427 dignoscitur
406 2341 550 2423 subjecta
579 2343 758 2405 dominatui.
784 2343 847 2406 'Si
876 2345 947 2425 quis
975 2346 1145 2427 episcopus
1174 2336 1230 2422 aut

75 2431 246 2516 presbyter·
266 2448 324 2492 seu
346 2429 498 2491 diaconus
523 2436 578 2490 aut
597 2426 808 2503 subdiaconus
828 2428 869 2489 de
890 2429 952 2490 hac
972 2449 1006 2490 re
1027 2439 1148 2497 statuta
1167 2452 1230 2514 pa«

77 2530 162 2583 trum
183 2517 236 2578 vel
256 2521 365 2578 nostra
378 2522 536 2576 temerare
557 2513 817 2595 praesumpserit,
841 2517 1135 2585 excommunicetur.

90 2639 151 2701 XI.
177 2635 220 2697 Ut
241 2636 403 2716 epriscopua
423 2629 543 2692 nullam
564 2620 730 2712 ignorationi
750 2627 795 2690 od
814 2627 1068 2712 distringendum
1088 2632 1215 2710 hadent,

215 2729 249 2782 et
268 2720 298 2780 ai
318 2736 444 2779 necesse
456 2716 565 2794 fiterit
585 2713 624 2776 ab
647 2713 722 2776 aliie
743 2713 911 2794 effocetur
932 2711 1097 2797 epria'ecpria.

130 2853 133 2856 ·
168 2820 205 2885 Si
231 2821 302 2903 quis
323 2819 493 2900 episcopus
515 2815 555 2878 ad
575 2813 821 2897 distringendum
843 2832 900 2877 eos
921 2817 974 2897 qui
995 2809 1026 2877 in
1046 2816 1108 2879 hac
1128 2811 1231 2878 facili-

79 2917 152 2972 tate
179 2907 347 2989 perdurant
373 2903 541 2985 negligens
572 2902 764 2982 apparuerit,
790 2898 875 2962 sicut
895 2899 927 2961 in
949 2901 1019 2982 ipsa
1038 2909 1150 2964 sancta
1171 2899 1232 2966 ba-

80 2997 174 3058 silica
195 3001 246 3055 est
266 2990 390 3073 publice
411 2989 584 3066 recitatum,
603 3004 648 3048 ex
669 2997 826 3048 consensu
842 2987 996 3047 communi
1017 2994 1112 3069 atque
1134 2988 1232 3049 totius

81 3079 200 3161 populi,
220 3075 409 3139 sententiam
427 3072 706 3152 praedecessorum
721 3087 874 3137 canonum
888 3089 926 3136 se
939 3071 1094 3138 innumere
1110 3072 1231 3136 omnino

82 3161 281 3246 cognoscat:
308 3161 357 3221 sic
378 3166 501 3237 tamen,
523 3163 643 3218 uttam
663 3155 923 3236 metropolitanus
945 3157 1014 3220 suis
1034 3160 1233 3240 comprovin-

82 3247 216 3314 cialibus
243 3263 338 3327 quam
367 3241 646 3322 comprovinciales
671 3241 908 3321 metropolitano
929 3258 1005 3323 suo,
1033 3245 1062 3307 si
1081 3245 1232 3306 resistere

83 3342 142 3398 aut
175 3341 374 3395 contemnere
405 3327 587 3408 episcopum
620 3327 726 3390 cleriei
756 3326 806 3388 sui
835 3328 1120 3407 praesumpserint,
1157 3327 1234 3392 dent

83 3419 210 3481 omnino
237 3415 390 3478 solatium.
429 3413 473 3474 lu
497 3413 572 3492 quia
591 3411 671 3474 dixit
691 3417 804 3472 sancta
824 3411 995 3488 scriptura:
1025 3409 1149 3472 Frate
1156 3411 1233 3488 fra,

84 3513 168 3567 trem
195 3502 364 3584 criJnoana·
378 3495 574 3560 recitabitur
588 3493 644 3576 ³),
671 3495 859 3578 quicumque
883 3511 940 3574 pro
960 3510 1058 3557 eamr
1077 3492 1130 3556 dei
1149 3491 1235 3558 l'ratd

84 3608 145 3653 sno
173 3589 318 3649 solatium
345 3582 551 3646 commonitus
578 3579 653 3640 dare
679 3576 849 3658 distulerit,
881 3596 984 3658 usque
1012 3577 1052 3644 ad
1079 3576 1235 3661 synodum
1262 3643 1265 3650 ,

84 3682 301 3752 removeatur3
328 3688 400 3732 narn
426 3667 455 3728 ri
483 3664 652 3748 episcopus
682 3681 720 3726 re
747 3664 904 3728 contemni
930 3664 1086 3743 sentiens,
1122 3663 1235 3745 fratres

85 3777 164 3821 suos
191 3759 223 3819 in
250 3755 396 3818 solatium
421 3769 513 3841 suum
539 3769 602 3814 non
628 3749 869 3828 commonuerit,
895 3747 966 3828 ipse
994 3748 1077 3809 sciat
1103 3745 1236 3828 qualiter

84 3843 197 3906 reddat
216 3842 339 3904 domino
357 3839 516 3901 rationem.

127 3961 198 4024 ΧΠ.
237 3959 280 4022 Ut
302 3959 465 4040 epriaenpua
486 3955 650 4036 conjugem
670 3953 788 4016 debeat
807 3957 845 4014 art
864 3970 1002 4040 sororem
1022 3955 1055 4012 ct
1075 3949 1195 4014 nnllam

407 4041 446 4102 ‹le
466 4059 502 4101 aa
521 4040 730 4120 suspicionem
743 4035 911 4120 praebeat.

172 4147 352 4227 Episcopus
383 4141 550 4223 conjugem
582 4147 617 4200 ut
646 4154 782 4202 sororem
810 4135 947 4216 habeat,
984 4143 1018 4198 et
1048 4137 1093 4199 ita
1124 4144 1238 4200 sancta

89 4234 328 4297 conversatione
343 4229 498 4311 gubernet
512 4225 635 4288 domum
650 4241 773 4284 ornnem
788 4227 862 4284 tarn«
875 4220 1125 4296 ecclesiasticam
1146 4241 1238 4302 quarn

89 4319 258 4399 propriam,
286 4324 324 4378 ut
351 4313 435 4376 nulla
464 4309 504 4371 de
533 4327 571 4371 eo
601 4307 741 4390 suspicio
769 4324 894 4389 quaqua
919 4306 1039 4369 ratione
1060 4317 1239 4392 consurgat.

134 4553 164 4616 1)
183 4567 251 4613 cogn.
275 4537 331 4600 erre
352 4555 472 4600 renrotnar
494 4552 552 4605 quta
574 4543 692 4609 (absque
709 4539 795 4596 verbis
813 4536 978 4605 interjectis)
1000 4536 1066 4607 Reg.
1082 4542 1123 4609 D,
1140 4560 1166 4600 ῃ,
1206 4571 1241 4586 .-

130 4622 404 4705 Ἠῠθίθπᾱαξῡθθῐίδ
421 4613 666 4677 add.lteg.D,a.
700 4639 736 4650 -
778 4611 808 4678 θ)
825 4611 903 4666 Prov-
922 4608 970 4672 18,
991 4607 1034 4660 19.
1068 4637 1103 4657 -.
1204 4639 1208 4646 -

956 4687 1050 4798 15⁶·
