2868 5040
381 239 624 328 coucnruu
642 256 925 328 nonruunen
993 345 999 354 ¹
1050 359 1054 366 .
1167 261 1232 330 rae

64 440 146 494 tres
172 427 271 492 nostri
286 427 321 510 ¹)
348 425 494 513 synodali
522 432 681 494 sententia
709 438 901 495 censuerunt
914 429 968 512 ²),
997 437 1034 498 et
1061 430 1167 496 naboe
1190 431 1232 494 de

63 519 128 578 lris
150 516 283 577 clericus
304 516 472 596 ordinetur,
494 523 528 576 et
549 517 602 596 qni
616 515 685 596 juo
706 525 781 580 sont
800 535 856 597 per
875 517 1081 597 ignorantiam
1099 513 1233 579 ordinati

63 612 110 664 ut
124 600 162 678 ⁸)
193 601 280 662 sicut
315 598 433 683 bigami
466 607 522 662 ant
547 596 792 683 internuptarum
821 601 923 664 meriti
951 603 1057 664 loeaar
1080 609 1234 682 terreaut3

64 687 255 750 mirristrsre
268 684 304 764 ⁴)
325 685 524 763 diaconnst)
553 697 610 750 sut
629 702 817 752 mertare
838 687 937 748 sltars
952 684 987 765 ⁸)
1007 684 1185 766 hujusmodi
1199 686 1234 774 ⁷)

65 772 246 855 presbyter
264 787 327 834 uon
346 779 535 852 praesumat.

66 907 195 970 XLIV.
230 901 283 970 Ne
296 907 462 992 presbyter
477 904 512 984 ⁸)
533 904 783 970 benedictionem
798 905 917 990 populo
939 905 991 972 cel
1005 909 1189 993 poenitenti
1199 903 1234 996 ⁹)

403 993 438 1053 ia
461 989 595 1054 ecclesia
615 991 693 1054 dore
706 999 905 1075 praeconat.

168 1091 426 1156 Benedictionem
459 1110 554 1173 snper
575 1094 699 1172 plebem
719 1097 750 1156 in
772 1096 912 1158 ecclesia
931 1093 1060 1159 fundere
1079 1105 1136 1160 aut
1156 1115 1238 1178 poe-

71 1179 235 1241 nitentem
255 1181 287 1240 in
309 1179 448 1242 ecclesia
469 1175 658 1240 benedicere
678 1181 864 1264 presbytero
886 1182 1011 1262 penitus
1030 1201 1092 1245 nou
1121 1182 1238 1246 licebit.

85 1315 197 1380 XLV.
223 1317 315 1396 Quod
327 1282 490 1400 episcopas
505 1317 639 1462 ecigoqs
654 1317 808 1482 {epgsr’ae
815 1321 1031 1400 possessionen
1045 1319 1225 1382 distrahere
1312 1305 1313 1308 ¹

559 1421 604 1484 po
621 1422 653 1463 es
741 1448 750 1465 .

169 1503 315 1566 'lerrulas
351 1511 406 1565 eut
432 1501 575 1566 vineolas
605 1507 740 1586 exiguas
769 1514 803 1568 et
830 1505 988 1569 ecclesiae
1014 1507 1115 1570 minus
1143 1507 1239 1571 utiles

74 1595 140 1650 aut
167 1589 264 1670 longe
292 1589 414 1668 positas
439 1607 556 1667 parvas
584 1590 754 1670 episcopus
780 1591 849 1653 sine
877 1589 1007 1654 consilio
1035 1593 1179 1677 tntum,
1209 1595 1240 1660 si

73 1675 263 1736 necessitas
284 1674 396 1756 fuerit,
424 1671 617 1736 distrahendi
637 1675 754 1739 habeat
773 1685 975 1757 potestatem.

89 1809 215 1874 XLVI.
252 1812 294 1874 Ut
314 1787 420 1874 serens
442 1811 596 1875 ecclesiae
609 1813 773 1894 fugitivos
795 1813 893 1877 liceat
913 1816 1049 1879 oendm
1070 1817 1225 1900 episcopo.

172 1913 317 1996 Fugitivi
349 1915 444 1976 etism
473 1913 583 1976 domos
611 1933 688 1976 snos
712 1923 769 1976 aut
794 1915 927 1978 faroiliss
954 1917 1157 1997 deserentes,
1188 1917 1243 1998 qui

84 1999 189 2060 etism
211 2001 239 2064 si
259 2000 401 2062 revocati
429 1999 543 2061 suerint
562 1997 663 2062 teneri
683 2017 745 2060 non
765 2009 916 2079 possunt,
943 2002 1034 2062 simili
1059 2003 1179 2064 ratione
1200 2002 1241 2064 alr

83 2085 261 2166 episcopo,
280 2085 309 2146 si
329 2083 483 2147 volucrit¹
495 2081 543 2165 ¹),
564 2092 621 2146 aut
641 2083 669 2148 si
691 2084 738 2145 ito
758 2084 801 2146 illi
819 2081 1003 2168 meruerint,
1024 2085 1243 2152 distrahantur.
1302 2135 1303 2138 ,
1337 2131 1341 2136 -

124 2221 261 2285 XLVII.
315 2219 358 2284 Ut
389 2227 466 2284 ante
492 2223 622 2282 missam
650 2221 809 2369 wiffam
837 2223 949 2306 egredi
970 2221 1107 2307 populas
1135 2246 1200 2290 noa

561 2326 711 2388 praesum
750 2353 759 2370 .

174 2407 296 2472 Missas
329 2407 381 2474 die
409 2407 561 2470 dominico
590 2427 609 2470 a
634 2409 848 2473 saecularibus
876 2416 960 2473 totas
986 2414 1087 2477 teneri
1112 2414 1244 2494 speciali

86 2493 282 2558 ordinatione
301 2493 526 2576 praecipimus,
553 2493 599 2557 ita
631 2503 667 2558 ut
691 2503 765 2556 onte
792 2495 1043 2560 benedictionem
1069 2497 1244 2562 sacerdotis

87 2577 203 2662 egredi
230 2581 363 2662 populus
392 2598 454 2640 non
483 2586 683 2661 praesumat:
710 2581 762 2660 qui
788 2581 817 2642 si
847 2580 997 2662 fecerint,
1025 2582 1065 2644 ab
1093 2583 1244 2664 episcopo

84 2665 214 2750 publice
235 2663 461 2728 confundantur
477 2663 540 2743 ¹²).

204 2803 348 2868 XLVIII.
364 2815 366 2820 ’
382 2802 437 2866 De
455 2801 547 2864 rebus
569 2802 711 2884 episcopi
724 2804 868 2884 propriis
889 2802 941 2866 oet
960 2804 1139 2887 acquisitis.

180 2905 225 2968 Ut
246 2904 287 2966 de
308 2905 401 2966 rebus
421 2903 563 2986 episcopi
583 2905 714 2985 propriis
734 2906 787 2965 vel
816 2891 979 2986 acquisitis
1003 2907 1056 2968 vel
1070 2905 1124 2984 ι8)
1154 2902 1247 2988 quid-

92 2987 172 3070 quid
200 2991 369 3070 episccpns
395 2987 436 3052 de
467 3009 525 3051 sno
554 2991 676 3070 proprio
705 2990 819 3065 hebet,
846 2988 1033 3052 haeredibus
1057 2992 1125 3053 suis
1141 2991 1195 3069 ¹⁴)
1218 2992 1248 3053 si

91 3073 231 3136 voluerit
251 3074 446 3154 derelinquet
461 3074 536 3155 Η);
563 3072 712 3156 quidquid
731 3093 808 3137 vero
830 3075 870 3139 de
890 3077 1069 3156 provisione
1089 3076 1247 3142 ecclesius

92 3161 190 3222 luerit
204 3160 258 3240 ¹⁸)
286 3161 356 3222 sive
383 3159 423 3224 de
450 3159 534 3240 agris
560 3161 631 3221 sive
652 3158 692 3221 de
714 3159 855 3244 frugibus
875 3162 946 3224 sive
967 3161 1009 3224 de
1030 3163 1247 3252 oblationibus,

92 3243 200 3310 omnia
220 3243 337 3324 injure
358 3245 516 3309 eeclesiae
537 3263 699 3312 reservare
717 3246 771 3327 Η)
794 3249 982 3314 censuimus.

141 3516 170 3584 1)
189 3515 393 3572 roucourt.
433 3533 468 3560 '-
517 3517 546 3588 Ξ)
563 3527 706 3572 statuerant
723 3516 753 3570 C.
772 3505 806 3569 H.
825 3523 852 3570 et
869 3514 934 3571 Luc.
975 3542 1013 3557 -·
1054 3516 1146 3585 ⁸)aut
1163 3513 1193 3567 0.
1212 3515 1247 3574 ll,

138 3588 513 3712 ocorpaqggpqopp
536 3597 641 3658 W*
662 3589 943 3721 ottenb,
961 3617 1020 3723 Εἷς
1045 3588 1110 3712 ςέὶ
1127 3595 1249 3708 tltrrf

167 3675 290 3777 altarino?
307 3731 371 3780 Luc.
415 3717 451 3768 -ἷ
504 3728 533 3796 t)
551 3737 692 3790 cujusmodi
713 3731 788 3780 deest
810 3727 837 3779 in
856 3728 888 3779 C.
905 3728 940 3780 ll.
983 3752 1019 3766 -
1071 3729 1099 3794 ⁸)
1116 3695 1250 3788 maereat}

167 3797 410 3857 enarmonico.
448 3821 484 3838 -
532 3798 561 3862 ⁰)
579 3807 763 3860 poentientiam,
781 3811 833 3850 orn.
852 3803 1036 3859 vocepoaato,
1054 3795 1086 3848 C.
1101 3795 1178 3864 Hlsp.
1213 3825 1249 3836 -

120 3865 171 3934 Ν)
194 3871 225 3920 Ut
242 3875 372 3928 nuncupas
388 3875 502 3928 octauum
519 3874 613 3927 altqntd
629 3877 683 3920 stae
701 3876 847 3919 clericorum
864 3875 937 3919 ettam
953 3875 1107 3918 eonntoeatta
1124 3874 1248 3918 distrabat

168 3935 200 3990 C.
217 3935 292 4002 Hirp.
326 3965 361 3980 -
401 3935 451 4000 Η)
469 3944 592 3997 episcopia
607 3946 630 3987 rt
645 3945 770 3989 soluerint
787 3937 817 3989 C.
836 3937 870 3986 ll.
897 3963 933 3974 -
965 3936 1014 4002 1²)
1032 3936 1086 3990 Qui
1102 3942 1249 4004 sequuntur

167 4019 281 4056 renones
306 4009 397 4056 extant
419 4001 447 4054 in
471 4019 533 4056 mss.
558 4005 633 4058 codd.
653 4008 737 4072 Regg.
754 4007 792 4071 F,
810 4007 851 4068 K,
869 4005 906 4068 R,
932 4004 1054 4069 Cotton,
1078 4006 1251 4058 elocuti..

169 4074 243 4125 cibus
263 4074 397 4141 Hispanis.
441 4074 470 4124 ln
496 4069 570 4138 eliis,
594 4080 623 4126 et
646 4075 675 4127 in
700 4077 765 4128 cod.
790 4074 904 4126 anensi
929 4089 1007 4140 quem
1031 4075 1141 4128 eontulit
1162 4073 1250 4129 blansi

168 4144 272 4198 derunt.
307 4144 337 4194 lu
354 4142 456 4208 neom
474 4148 501 4198 et
518 4143 625 4208 Corbej.
643 4146 782 4198 mannii.
801 4159 861 4196 cunr
877 4141 1009 4196 initiati.
1025 4145 1181 4210 conjunctos
1200 4149 1250 4206 est,

167 4211 246 4276 onias
263 4212 327 4265 haec
345 4214 427 4266 verba
444 4213 641 4279 complectitor:
660 4223 784 4278 §pacm
796 4243 831 4253 -
847 4219 911 4274 plac.
930 4225 1082 4278 aoaprepart.
1108 4217 1138 4265 ln
1150 4213 1249 4276 Πομ

170 4282 400 4334 cllocem-124
420 4282 535 4336 ern.48.
554 4290 657 4338 constet
679 4285 720 4336 iris
743 4283 831 4337 verbis
853 4283 961 4336 canonis
974 4285 1026 4337 'r'lr
1054 4291 1086 4334 ut
1108 4289 1166 4342 aeta
1188 4291 1264 4344 etet*

169 4351 255 4422 primo
278 4357 365 4404 sutem
387 4352 468 4405 verim
488 4352 609 4415 ejusdem
627 4370 684 4409 can.
696 4355 740 4407 71.
758 4355 867 4420 (synod,
878 4381 914 4392 -
926 4353 1056 4419 reomao.)
1079 4365 1136 4402 ceo.
1147 4351 1192 4405 49.
1210 4350 1251 4402 ei·

168 4421 271 4474 liciont.
298 4446 335 4460 -
359 4421 393 4474 ct
411 4436 471 4489 pag.
484 4421 544 4486 145,
559 4429 613 4476 not
626 4425 652 4476 l.
685 4448 721 4468 -
759 4419 1251 4489 1³)VerbarUt-oetdesnntio

163 4489 202 4552 β.
220 4490 296 4557 Hirp
333 4518 369 4560 -7-
408 4490 646 4557 1⁴)aaraman
663 4509 723 4546 roos
740 4489 826 4546 GH.
857 4521 894 4533 -
928 4493 977 4556 ιε)
1000 4496 1250 4549 ur-aornraraat.

170 4560 245 4612 Haeo
262 4565 290 4612 et
307 4558 462 4627 interposita
479 4561 574 4612 desunt
591 4562 618 4612 iu
640 4562 745 4618 Cotton.
786 4591 822 4609 .-
855 4561 919 4632 11θ)
937 4566 1014 4624 tuerit
1031 4560 1105 4619 deest
1121 4557 1149 4616 in
1167 4557 1251 4615 Colli

124 4629 174 4699 ll)
190 4639 318 4688 reservari
335 4631 401 4704 Reg.
420 4630 444 4686 ll
460 4634 489 4684 et
505 4630 609 4687 Cotton.
644 4661 679 4678 η.-
