2868 5040
337 234 964 393 ἰιιιιιιιιιιιιιιιιιιιιιιιιιιιιι
1171 258 1264 342 ιιι

60 441 243 510 interdicta
275 459 428 506 canonum
457 445 679 547 acceperunt,
716 445 747 517 si
781 444 823 510 sd
855 444 1065 530 conjugium
1061 447 1237 529 probantur

61 535 189 596 iterum
217 527 404 610 devolutae,
429 548 452 592 a
470 532 688 593 communione
706 529 878 612 pellantur:
904 532 988 615 quod
1000 533 1039 595 si
1049 531 1237 616 irai-mut

63 615 314 681 contubernium
335 615 515 680 admonitae
534 617 575 680 ab
596 617 748 717 episcopo
762 618 893 718 cognito
908 637 1010 681 errore
1023 617 1236 704 deornm,

63 705 101 766 in
127 701 357 768 communionis
377 702 510 786 gratiam
529 709 603 766 acta
623 703 817 786 poenitentia
838 712 1125 772 revertantur...

258 879 261 885 .
342 819 460 884 xvlu.
501 821 554 884 De
575 822 689 884 iisdem
709 823 970 887 reordinentur.

151 919 290 988 Placuit
322 925 438 1005 etiam,
470 932 508 988 ut
539 923 615 989 nulli
646 923 845 1018 postmodum
876 925 1033 988 foeminae
1066 923 1238 997 diaconabs

68 993 259 1076 benedictio
279 1029 335 1092 pro
357 967 544 1074 conditionis
565 1007 660 1095 hujus
681 1009 853 1101 fragilitate
875 1009 1027 1103 credetur.

76 1129 211 1192 Κ1Χ.
253 1126 307 1194 Ne
328 1127 532 1194 Christianam
553 1129 793 1278 Judaeomtout
812 1129 954 1194 Juduem
978 1101 1196 1194 Obristr'oncot

584 1237 712 1298 occurro

161 1317 294 1388 Placuit
330 1325 366 1388 ut
396 1316 515 1390 nubas
535 1315 735 1384 Christianus
763 1316 923 1415 Judaeum
955 1336 1060 1418 ireque
1093 1314 1240 1394 Judaeus

72 1401 324 1468 Christianam'
315 1423 347 1466 ιιι
368 1399 562 1466 matrimonio
584 1401 681 1466 ducat
700 1422 845 1486 uxorem,
867 1401 941 1485 qtria
961 1405 1043 1468 inter
1062 1387 1241 1480 hujusmodi

72 1498 239 1570 personas
269 1489 394 1552 illicitas
426 1489 553 1568 nuptias
585 1507 660 1552 esse
694 1507 881 1553 censemus:
918 1485 972 1569 qui
1001 1485 1031 1552 si
1062 1485 1242 1554 commoniti

78 1593 101 1636 a
124 1575 285 1638 consortio
306 1575 369 1638 hoc
387 1585 427 1636 se
449 1591 597 1656 separare
618 1573 814 1660 distulerint,
844 1572 1111 1639 ceommunionis
1137 1571 1241 1656 gratia

72 1668 153 1724 sunt
175 1662 245 1724 sine
268 1657 360 1722 dubio
382 1658 598 1724 submovendi.
676 1673 679 1682 ’

128 1779 207 1845 ΚΧ.
248 1779 301 1844 Do
328 1779 379 1842 tn
408 1781 464 1862 qut
492 1779 537 1842 od
561 1777 661 1843 idolo
676 1778 811 1854 redeunt
839 1778 893 1844 ool
920 1777 1093 1844 immolatis
1123 1779 1183 1840 cut

470 1865 641 1947 suffocatis
662 1870 842 1928 efficuntur.
892 1891 900 1916 ι

167 1965 324 2030 Catholici
338 1984 391 2049 qur
382 1965 448 2030 ad
460 1966 612 2030 idolorum
626 1967 744 2062 cultum
757 1985 821 2028 non
843 1963 1002 2030 custodito
1021 1963 1062 2027 ad
1082 1959 1241 2060 integrum

76 2053 231 2133 baptimni
249 2053 353 2135 gratia
374 2061 587 2132 revertuntur,
606 2053 661 2114 vel
681 2049 735 2150 qui
755 2052 834 2114 cibis
854 2049 1004 2114 idolorum
1025 2046 1188 2118 cultibus
1177 2067 1241 2112 rm-

78 2139 209 2204 rnolatis
238 2149 336 2220 gustu
368 2135 496 2202 illicitae
527 2134 789 2232 praesumptionis
820 2143 968 2218 utuntur,
1007 2136 1047 2200 ab
1079 2134 1240 2205 ecclesiae

79 2224 227 2288 coetibus
257 2232 430 2287 arceantur.
487 2223 637 2288 Similiter
669 2231 702 2288 et
729 2220 765 2286 hi
797 2222 850 2304 qui
881 2223 1052 2286 bestiarum
1082 2223 1239 2292 morsibus

78 2311 224 2374 extincta
242 2312 297 2372 vel
317 2307 456 2392 quolibet
475 2305 582 2373 morbo
604 2316 659 2372 aut
681 2323 760 2372 casu
780 2307 940 2373 suffocata
960 2315 1144 2372 vescuntur.

340 2427 429 2493 xxl.
470 2425 522 2492 De
544 2428 780 2491 contumacibus
802 2425 982 2490 abbatibus.

167 2503 313 2596 Abbates
342 2530 397 2616 qui
428 2529 646 2610 episcoporum
675 2537 846 2627 praecepta
874 2527 1051 2626 despiciunt
1081 2515 1123 2588 ad
1151 2541 1243 2588 com-

81 2617 260 2682 munionem
280 2637 341 2682 nec
361 2618 488 2700 penitus
509 2614 728 2697 admittantur,
755 2611 817 2676 nisi
837 2613 1066 2678 contumaciam
1088 2619 1242 2694 suscepta

80 2704 258 2767 humilitate
273 2703 445 2786 deponant.

169 2789 258 2853 Sane
290 2791 319 2852 si
349 2789 404 2871 qui
435 2792 509 2872 post
540 2785 624 2850 hanc
655 2753 927 2885 diligentissimam
955 2783 1152 2848 sanctionem
1178 2801 1243 2845 non

85 2875 324 2938 observaverint
353 2893 435 2957 quae
463 2879 537 2934 sunt
564 2871 709 2952 superius
736 2870 982 2953 comprehensa,
1007 2886 1081 2933 reos
1101 2887 1138 2932 se
1160 2867 1245 2950 divif
1295 2933 1298 2938 ,

83 2962 195 3025 nitatis
215 2960 332 3086 pariter
350 2956 554 3029 fraternitatis
570 2956 689 3082 judicio
710 2956 833 3023 futuros
854 2975 931 3021 esse
952 2957 1160 3067 cognoscant

177 3509 474 3600 CONCILIUM
498 3507 869 3596 ARVERNENSE
893 3515 1098 3596 PRIMUM
1107 3517 1152 3610 ¹).
1269 3563 1273 3568 -

570 3681 773 3698 w

85 3734 255 3849 Dum
210 3788 241 3850 in
268 3789 392 3852 nomine
413 3786 550 3868 domini,
571 3793 790 3870 congregante
811 3791 926 3851 sanem
947 3783 1075 3870 spiritu,
1105 3799 1246 3850 consen

89 3882 187 3942 tiente
208 3880 321 3942 domno
343 3890 450 3944 nostro
472 3880 698 3962 gloriosissimo
713 3897 917 3976 pnssrmoque
932 3896 1009 3960 rege
1024 3876 1245 3940 'l'heodeberto

90 3967 120 4029 ln
141 3967 284 4029 Arverna
311 3967 405 4028 urbe·
415 3973 528 4028 sancta
555 3964 697 4063 synodus
725 3965 946 4050 convenisset,
974 3963 1083 4045 ibique
1101 3958 1236 4026 flexis'
1214 3982 1246 4025 ιιι

89 4059 204 4112 terram
231 4053 367 4134 genibus
394 4071 450 4135 pro
471 4068 570 4136 regno
593 4049 679 4132 ejus,
707 4069 763 4133 pro
792 4050 1026 4148 longaevitate,
1054 4066 1108 4129 pro
1130 4047 1246 4131 populo

90 4135 244 4200 domnum
275 4137 530 4218 deprecaremur,
557 4145 593 4198 ut
622 4137 675 4218 qui
700 4136 791 4200 nobis
816 4135 1075 4218 congregationis
1095 4132 1248 4216 tribuerat

90 4230 298 4323 potestatem,
320 4243 452 4306 regnum
466 4221 544 4318 ejus
565 4221 707 4284 dominus
728 4230 836 4286 noster
855 4220 1009 4284 felicitato
1024 4221 1187 4284 attolleret
1201 4217 1248 4301 ²),

91 4309 220 4390 imperio
241 4317 385 4393 regeret,
402 4306 530 4392 justitia
550 4309 757 4392 gubernaret:
787 4308 819 4370 in
839 4307 979 4374 ecelesia
993 4323 1041 4370 ex
1061 4322 1146 4369 more
1164 4315 1249 4371 con-

135 4529 164 4596 1)
183 4527 314 4582 Collatum
329 4529 361 4582 ad
381 4529 485 4584 codices
507 4533 575 4598 Reg.
595 4532 627 4597 A,
645 4533 680 4598 B,
693 4529 728 4594 F,
747 4529 780 4596 S,
799 4531 897 4598 Corbej
886 4549 923 4598 J.,
939 4531 992 4583 Jar.
1010 4531 1042 4596 A,
1061 4529 1095 4594 C,
1112 4523 1248 4582 codrcfio·

161 4599 457 4738 ιιιιῑιηιιίῗὶιιῖιὲιέιιὶιειιέ,
476 4631 528 4726 ὦ
544 4604 648 4726 J{least
663 4598 1009 4742 Jtrpfi’aygosscrwnncarlggibps
1024 4599 1153 4725 ¹{lupatria
1161 4611 1248 4704 ”nec
