2868 5040
279 246 281 248 ’
363 265 605 334 concnmn
631 265 893 344 manmena
910 228 952 332 rr.-
1096 264 1101 270 ’
1178 225 1244 335 aaa

86 441 194 503 media
222 444 359 501 vesocen
387 441 454 526 qai
471 458 547 522 opas
575 439 633 501 itoo
656 442 779 521 fecerit
795 439 838 520 ¹).
878 441 951 523 Ego
978 439 1104 523 quidem
1130 437 1243 502 dmm
1353 477 1355 479 -

88 544 236 606 corpere,
253 542 405 606 praesens
428 531 535 586 oedem
555 527 673 606 spirita
685 526 761 605 jam
773 526 926 606 judicant·
946 534 983 587 nt
997 543 1151 608 proeaees
1172 544 1244 586 cnm

86 614 145 694 qm'
168 612 217 670 sic
237 616 385 690 operatore
406 617 471 684 eat,
497 611 534 670 in
552 614 680 670 conane
700 610 822 671 domini
841 613 946 672 nestri
964 609 1040 673 Jesu
1063 610 1183 672 Gloriari
1197 609 1243 690 ²}

85 699 176 771 Ergo
196 697 271 772 quia
291 693 370 755 dixit
391 695 571 773 apostolus:
601 695 785 756 imitatores
810 696 875 757 mca'
896 701 999 758 estote
1019 697 1105 757 sicut
1126 703 1159 758 et
1180 693 1240 778 ego

91 781 215 856 Christi
226 779 276 856 ³),
290 798 352 840 non
367 797 425 840 nos
438 778 706 859 praesumptiosos
720 780 880 841 existimet
894 780 1001 861 homo,
1021 780 1051 842 si
1069 785 1242 862 sequentes

86 865 265 945 apostolum
279 882 464 946 quemqnam
479 865 519 927 ab
535 865 672 928 ccclesia
686 881 896 946 segregamus
910 865 1013 928 donee
1027 863 1243 928 reminiscatur

86 959 123 1023 et
144 959 317 1012 revertatur
336 949 378 1012 ad
399 951 497 1011 vitam
519 967 611 1030 qnam
639 969 696 1030 per
716 949 872 1012 dominnm
892 950 1005 1012 Jesum
1027 950 1187 1012 Christum
1206 957 1243 1012 et

86 1035 279 1116 baptismum
298 1032 410 1098 meruit
431 1035 546 1098 habere
568 1043 771 1117 perpetuam,
798 1055 840 1097 ne
864 1033 930 1114 jam
950 1043 1085 1116 peccato
1105 1035 1243 1098 faciente

88 1141 129 1184 ac
160 1119 281 1181 diabolo
306 1121 517 1202 persuadente
546 1120 658 1202 perdat
687 1129 721 1183 et
747 1121 892 1203 baptismi
922 1122 1055 1206 gratiam
1084 1128 1119 1184 et
1144 1121 1242 1183 vitam

87 1213 259 1270 aeternam.
290 1221 296 1225 ·
877 1235 880 1243 «

139 1292 241 1353 XXll.
283 1290 335 1352 De
360 1288 519 1353 Kalendis
546 1289 698 1352 Jcnnaria'
725 1297 758 1353 ct
785 1290 938 1353 cathedra
964 1292 1072 1354 sancti
1098 1291 1200 1354 Petri.

136 1408 140 1420 ·
177 1377 345 1456 Enimvero
375 1377 519 1456 qnoniam
550 1377 757 1458 cognovimns
784 1377 948 1439 nonnullos
973 1377 1106 1438 inveniri
1133 1375 1244 1458 sequi-
1322 1394 1326 1400 ·

90 1459 192 1539 pedes
214 1459 325 1546 erroris
345 1462 465 1542 antiqui
484 1463 537 1543 qni
557 1459 717 1523 Kalendas
738 1462 880 1524 Jannarii
901 1461 1021 1542 colunt,
1049 1479 1120 1522 anm
1139 1462 1243 1524 Janns

88 1545 183 1628 lpomo
211 1546 339 1627 gentilis
364 1546 472 1628 inerit,
501 1563 557 1608 rex
584 1545 723 1628 quidem,
754 1545 824 1608 sed·
842 1545 922 1608 dens
949 1564 1023 1608 esse
1050 1539 1112 1608 n'on
1131 1546 1243 1626 potnit

90 1629 244 1710 Quisquis
259 1649 335 1712 ergo
349 1631 444 1693 unum
459 1631 550 1693 deum
565 1641 683 1710 patrem
701 1639 885 1712 regnantem
902 1651 972 1694 cnm
987 1631 1055 1694 filio
1078 1639 1112 1694 et
1131 1633 1243 1713 spiritu

90 1724 204 1778 sancto
233 1716 349 1798 credit,
377 1726 464 1779 certe
492 1717 544 1779 lric
570 1735 632 1777 non
659 1725 768 1796 potest
793 1717 918 1799 integer
943 1717 1141 1780 Christianus
1170 1717 1243 1797 dici,

90 1799 145 1882 qni
166 1801 271 1880 aliqua
291 1800 331 1862 de
353 1803 530 1882 gentilitate
551 1801 700 1864 custodit.
730 1801 813 1863 ¹Sunt
834 1803 928 1862 etiam
941 1798 996 1881 qni
1014 1801 1046 1860 in
1066 1801 1243 1862 festivitate

90 1886 264 1953 cathedrae
284 1887 388 1948 domni
408 1888 496 1949 Petri
517 1886 650 1966 apostoli
670 1887 770 1948 cibos·
784 1887 915 1948 mortuis
936 1884 1086 1967 offerunt,
1114 1883 1244 1965 etpost

89 1973 207 2033 missas
236 1971 405 2033 redeuntes
433 1972 474 2034 ad
500 1971 609 2034 domos
635 1971 776 2051 proprias
803 1969 844 2032 ad
864 1971 1025 2052 gentilium
1045 1977 1244 2035 revertuntur

90 2074 214 2118 errores
236 2065 269 2117 et
289 2064 364 2137 post
385 2075 498 2136 corpus
512 2055 627 2116 domini
640 2063 784 2118 sacratas
797 2052 943 2116 daemoni
957 2072 1052 2116 escas
1067 2054 1243 2137 accipiunt3

90 2149 305 2205 contestamur
323 2142 406 2203 illam
427 2141 665 2204 sollicitudinem
687 2149 751 2202 tam
771 2149 917 2222 pastores
932 2157 1025 2220 qnam
1039 2140 1243 2222 presbyteros

50 2279 52 2286 ,
91 2245 223 2310 gerere,
259 2236 295 2290 nt
323 2243 550 2308 quemcumque
577 2227 609 2287 in
638 2226 700 2288 hac
726 2224 871 2288 fatuitate
899 2226 1070 2306 persistere
1097 2223 1242 2310 viderint,

90 2314 145 2373 vel
162 2312 204 2374 ad
225 2312 430 2394 nescioquas
450 2321 558 2392 petras
579 2319 635 2374 ant
656 2311 782 2374 arbores
803 2311 918 2375 autad
939 2311 1055 2391 fontes,
1074 2308 1243 2394 designata

90 2399 163 2460 loca
182 2399 353 2480 gentilium,
367 2405 546 2480 perpetrare
566 2416 649 2478 quae
671 2397 712 2458 ad
734 2397 892 2458 ecclesiae
914 2398 1064 2458 rationem
1084 2414 1146 2458 non
1167 2415 1243 2476 per-

90 2485 210 2564 tinent,
240 2501 297 2544 eos
326 2485 366 2545 ab
391 2484 529 2544 ecclesia
549 2489 662 2543 sancta
682 2483 870 2542 anctoritate
890 2481 1059 2560 repellant,
1085 2498 1148 2542 nec
1167 2473 1244 2559 pa'r·

90 2570 224 2648 ticipare
250 2576 361 2632 sancto
390 2565 501 2630 altario
525 2567 706 2646 permittant
735 2563 788 2646 qni
814 2565 976 2646 gentilium
1002 2563 1243 2628 observationes

90 2653 288 2716 custodiunt·
313 2649 395 2730 Quid
416 2653 498 2714 enim
519 2651 724 2714 daemonibus
745 2667 817 2711 cnm
831 2648 959 2710 Christo
980 2667 1153 2730 commune,
1169 2667 1242 2710 curn

90 2739 196 2821 magis
217 2738 369 2801 sumendo
387 2736 542 2826 judicium,
557 2732 675 2798 delicta
687 2731 831 2796 videatur
844 2731 960 2796 addere
975 2746 1068 2818 qnam
1081 2727 1243 2818 purgare?
1274 2741 1277 2750 '

373 2837 491 2902 xxffl.
507 2851 513 2864 ‘
530 2837 582 2900 De
604 2836 726 2918 hymnis
745 2836 948 2918 recipiendis.

175 2923 269 2987 Licet
296 2923 432 3006 hymnos
457 2923 682 2986 Ambrosianos
710 2921 891 3004 habeamus
908 2922 940 2982 in
967 2939 1107 3004 canone,
1136 2929 1243 2985 tamen

89 3011 237 3092 qnoniam
262 3011 446 3091 reliquorum
472 3016 546 3070 sunt
575 3007 670 3089 aliqui
697 3006 750 3086 qui
777 3003 864 3088 digni
888 3015 963 3076 sunt
988 3005 1085 3070 forma
1113 3008 1243 3090 cantari,

90 3097 236 3167 volumus
264 3094 396 3157 libenter
420 3094 569 3174 amplecti
589 3111 646 3154 eos
668 3098 830 3174 praeterea
850 3109 979 3172 qnorum
1001 3101 1162 3156 auctorum
1182 3113 1244 3156 no-

89 3181 175 3242 mina
196 3167 316 3241 fuerint'
330 3181 361 3242 in
382 3181 487 3242 limine
505 3186 708 3259 praenotata,
734 3177 879 3260 qnoniam
900 3196 981 3261 qnae
1002 3177 1064 3244 fide
1086 3179 1244 3244 constite-

10 3267 13 3276 '
89 3265 168 3346 rint,
191 3262 314 3328 dicendi
335 3263 455 3327 ratione
476 3283 538 3326 non
560 3265 695 3326 obstant.
1273 3283 1279 3296 ⁸

132 3366 254 3434 XXIV.
295 3366 346 3442 Dc
367 3367 411 3428 iia
438 3367 493 3448 qui
513 3386 575 3446 per
596 3365 774 3426 discordiae
795 3379 905 3443 regum
926 3383 976 3424 res
997 3363 1202 3426 ecclesiarum

423 3457 483 3512 cot
502 3449 701 3514 sacerdotum
722 3453 913 3528 competant.
1177 3519 1180 3531 Ι
1306 3503 1310 3512 ,

177 3536 256 3599 Illud
277 3554 402 3618 qnoque
428 3551 615 3616 quemqnam
641 3533 775 3612 priorum
803 3545 957 3592 canonum
985 3527 1029 3590 sit
1054 3527 1267 3616 anctoritate

91 3619 282 3703 praefixum,
313 3621 396 3702 quod
423 3619 495 3681 dnm
522 3620 602 3680 inter
626 3634 663 3678 sa
690 3614 838 3680 saeviunt
859 3612 974 3676 domini
993 3616 1093 3678 nostri
1112 3634 1152 3678 ac
1173 3635 1244 3678 rna-

91 3701 191 3769 lornm
210 3706 366 3768 hominnm
395 3702 519 3766 stimulo
548 3702 742 3765 concitantur
762 3708 796 3763 et
817 3700 895 3762 alter
916 3697 1042 3762 alterins
1062 3718 1114 3762 res
1134 3697 1244 3780 rapida

91 3791 263 3871 cupiditate
283 3790 436 3870 pervadit,
464 3807 504 3851 ne
526 3787 588 3850 ista
608 3786 730 3849 caduca
750 3786 875 3848 actione
897 3802 959 3864 qua
979 3785 1060 3844 inter
1079 3803 1116 3846 se
1137 3803 1244 3869 agnu-

92 3885 143 3938 tnr
163 3876 385 3938 ecclesiastica
411 3893 482 3936 rura
508 3873 692 3954 oqntingere
719 3867 1008 3934 ant'contaminare
1030 3879 1241 3950 praesumant,

92 3959 309 4036 inviolabiliter
329 3959 557 4022 observandum
578 3976 755 4038 censemus,
782 3964 818 4018 nt
842 3956 1028 4037 quicumque
1044 3962 1112 4017 tam
1134 3957 1243 4020 cocic-

91 4046 161 4110 siae
197 4063 290 4126 quam
327 4044 469 4126 episcopi
502 4060 554 4105 res
583 4043 724 4121 proprias
768 4059 850 4124 qnae
888 4044 922 4100 et
958 4038 1047 4119 ipsae
1084 4042 1242 4104 ecclesiae

91 4139 264 4193 noscuntur
291 4147 383 4209 esse,
412 4145 491 4209 quas
516 4126 658 4206 pontifex
683 4126 842 4187 actoribus
870 4124 1026 4186 ecclesiae
1048 4125 1243 4208 dignoscitur

90 4217 288 4297 assignasse,
302 4214 356 4276 vel
376 4213 523 4278 abbatum
544 4218 599 4278 aut
618 4211 875 4301 monasteriorum
896 4206 967 4272 sive
987 4212 1240 4292 presbyterorum

92 4357 294 4376 Ἀ-μ

133 4435 163 4502 ¹)
181 4439 243 4496 fecta
259 4434 327 4498 Reg.
340 4433 374 4486 D.
390 4461 426 4474 -
444 4433 460 4484 1
473 4421 534 4484 (lor.
545 4431 572 4495 4,
584 4431 628 4484 21.
640 4458 675 4472 -
687 4430 715 4496 5,
729 4429 755 4484 l.
780 4459 815 4472 -
840 4420 870 4498 ἲ)
883 4431 1027 4484 'l'rosrnss
1039 4429 1154 4484 addunt:
1175 4435 1241 4485 can-

160 4511 270 4566 crepotta
291 4511 362 4554 volte
384 4511 408 4554 et
429 4519 483 4553 meo
500 4509 590 4563 optrito
608 4518 663 4552 cont
679 4510 771 4554 virtute
788 4509 879 4576 dqnnnl
896 4507 976 4552 nostrl
991 4507 1054 4552 Jcsa
1073 4505 1168 4554 caruli
1184 4521 1240 4554 cam

163 4581 206 4633 cnr
229 4577 287 4624 totta
310 4581 348 4623 est
373 4579 473 4623 tradere
490 4579 593 4622 natureae
610 4579 637 4623 tn
652 4579 777 4624 toterttnm
794 4580 879 4621 corate
896 4578 923 4620 nt
939 4577 1044 4628 martiae
1061 4577 1146 4627 soloas
1164 4580 1197 4624 alt
1214 4580 1240 4627 tn

161 4650 203 4696 dte
221 4649 313 4696 denatat
329 4649 410 4694 nostrl
426 4645 488 4694 teau
508 4643 607 4695 certati.
643 4667 679 4681 -
722 4639 979 4708 ⁸)1cor.11,l.
1014 4662 1050 4682 -·
