2858 5036
360 275 602 344 concutere
627 277 901 346 maranensis
922 278 960 344 lt
1190 279 1235 344 69

62 447 252 528 sententia,
281 445 412 529 prolatis
427 449 611 513 canonibus
640 446 805 538 synodalia
832 447 960 515 decreta
985 449 1127 532 perlecta
1145 455 1230 534 sunt,

62 553 204 618 quorum
230 534 403 598 aucteritas
429 543 611 616 praemonet
633 537 684 598 ita
700 544 843 618 oportere
864 535 997 600 inhiberi
1015 534 1230 617 cupiditatem,

62 631 103 684 ut
133 640 179 683 ne
206 619 279 702 quis
309 619 459 685 termines
485 621 605 684 alienos
634 630 766 704 usurpet
780 621 827 700 ¹):
859 622 899 683 eb
927 621 1128 704 hee-placuit
1148 619 1230 685 inter

64 709 214 770 alternas
247 714 356 785 partes
388 704 593 786 inspectionis
622 706 708 774 viros
736 705 907 770 mittendos
920 735 935 785 ,·
959 705 1005 771 ita
1032 716 1069 769 ut
1092 708 1121 769 si
1136 704 1172 786 ²)
1198 705 1231 769 in

64 791 220 856 dioecesi
245 789 439 874 possidentis
468 793 561 856 sitam
577 791 612 871 ³)
638 792 800 858 basilicam
826 792 986 855 veteribus
1013 790 1116 880 signis
1139 791 1231 854 limes

65 877 239 963 praefixus
269 878 511 959 monstraverit,
549 878 707 944 ecelesiae
737 876 829 958 eujus
859 886 910 940 est
933 876 1022 960 justa
1048 879 1182 942 retentio
1194 875 1230 958 ⁴)

71 965 121 1026 sit
136 963 175 1042 ²)
195 969 350 1024 aeternum
372 961 557 1048 dominium3
587 965 670 1046 quod
692 965 721 1027 si
740 973 774 1027 et
793 963 884 1027 limes
905 964 1066 1046 legitimus
1087 963 1231 1026 eamdem

72 1049 238 1114 basilicam
267 1067 330 1110 nou
359 1047 528 1112 concludet
557 1049 616 1112 sed
645 1059 710 1115 tam
724 1049 759 1129 ⁵)
792 1051 877 1132 lengi
906 1052 1057 1132 temperis
1082 1050 1230 1131 probetur

70 1133 203 1216 objecta
222 1135 447 1216 praescriptio,
480 1137 648 1216 appellatio
674 1137 846 1217 repetentis
859 1133 893 1214 ⁶)
924 1135 1065 1222 episcopi
1084 1155 1147 1197 nen
1167 1153 1231 1196 va·

67 1221 171 1302 lebit,
205 1220 279 1300 q'uia
309 1219 352 1283 illi
381 1219 561 1283 tricennalis
584 1220 719 1302 objectio
741 1221 896 1282 silentium
917 1221 1013 1304 penit.
1054 1223 1127 1284 llee
1147 1219 1229 1282 enim

67 1315 103 1370 et
126 1303 336 1369 saecularium
356 1306 529 1388 principum
550 1307 656 1390 edicta
676 1308 872 1390 praecipiunt
898 1313 931 1369 et
958 1298 1136 1388 praesulum
1157 1305 1228 1368 Ro-

66 1410 234 1455 manerum
259 1390 401 1455 decrevit
427 1393 606 1458 aucteritas.
647 1393 704 1456 Sin
725 1413 803 1454 vero
818 1392 901 1454 'infra
922 1401 1026 1456 metas
1048 1387 1229 1455 tricennalis

70 1478 226 1559 temperis
247 1485 337 1539 extra
357 1476 478 1540 alienes
498 1481 646 1544 termines
667 1477 818 1544 basilicae
840 1475 956 1564 injusta
978 1480 1112 1542 retentio
1133 1495 1228 1563 repe·
1308 1473 1313 1494 ’

68 1567 167 1646 ritur,
194 1562 368 1644 repetentis
389 1562 532 1646 episcopi
549 1564 609 1646 juri
631 1561 700 1626 sine
720 1583 805 1628 mera
824 1563 1017 1628 restituetur.
1187 1571 1188 1581 ’
1420 1563 1421 1570 ’

104 1685 159 1748 llL
200 1681 254 1746 De
274 1683 485 1746 desertoribus
506 1681 631 1752 eleeioie
652 1689 689 1746 et
711 1686 866 1766 erieeepds
885 1688 954 1752 suia
973 1687 1197 1754 restituentur.

158 1769 473 1834 'l'ertiadefinitiene
500 1767 541 1834 ad
570 1786 630 1831 nes
658 1769 763 1834 oblata
787 1773 927 1852 precatio
957 1781 1009 1838 est
1027 1790 1056 1834 ¹a
1074 1789 1227 1836 reveren-¹

71 1852 197 1918 tissime
212 1854 248 1933 ⁷)
276 1855 370 1920 fratre
391 1864 498 1920 uestro
519 1854 695 1922 cambrane
715 1855 875 1922 italicensi
895 1858 1047 1938 episeopo
1067 1874 1122 1936 pre
1145 1872 1227 1936 que-

71 1941 146 2002 dam
173 1941 287 2004 clerice
314 1941 498 2020 Spassande
515 1940 568 2022 ⁸),
600 1940 653 2022 qui
682 1940 834 2006 deserens
863 1943 1021 2006 ecelesiae
1048 1960 1126 2003 suae
1154 1937 1225 2001 cul-

72 2027 185 2105 tum⁰)
200 2025 236 2088 in
249 2044 312 2107 qna
326 2026 451 2089 dicatus
473 2023 683 2088 abiniandae
703 2024 840 2088 exordiis
859 2027 970 2108 iuerat,
992 2027 1033 2089 ad
1055 2023 1225 2090 ecclesiam

72 2111 321 2176 cordubensem
339 2131 376 2174 se
397 2111 547 2192 centulit3
577 2129 671 2192 quem
692 2111 847 2196 elegimus
866 2119 902 2174 ut
923 2111 952 2175 si
971 2112 1047 2174 nihii
1067 2127 1225 2194 propene-

71 2206 162 2264 retur
182 2197 220 2260 de
242 2215 291 2277 eo,
313 2197 390 2260 citra
412 2195 602 2260 dilatationis
627 2195 753 2278 objecta
773 2195 895 2278 proprie
917 2198 1131 2265 reformaretur
1153 2195 1224 2276 epi-

70 2302 181 2364 seopo.
230 2281 380 2346 Scribitur
406 2284 488 2350 euim
516 2280 549 2344 in
575 2283 650 2366 lege
678 2282 826 2348 mundiali
854 2283 894 2347 de
921 2285 1040 2350 celenis
1068 2301 1223 2368 agrorum,

73 2379 110 2436 ut
130 2368 184 2430 ubi
203 2387 278 2434 esse
298 2369 430 2449 quisque
444 2363 511 2450 jare
532 2369 638 2450 eoepit
657 2369 699 2434 ibi
718 2367 873 2450 perduret.
914 2373 988 2446 Non
1015 2364 1104 2432 aliter
1125 2377 1158 2430 et
1183 2365 1223 2429 de

73 2455 198 2520 clericis
218 2454 270 2538 qui
290 2454 322 2516 in
343 2473 420 2536 agre
442 2452 599 2518 eeclesiae
620 2463 788 2535 operantur
805 2475 957 2520 canonum
979 2456 1106 2521 decreto
1128 2473 1223 2536 prae-

72 2541 185 2622 cipitur
212 2539 272 2604 nisi
297 2547 334 2616 ut
353 2539 399 2608 ibi
420 2548 622 2620 permaneant
643 2536 696 2601 ubi
716 2549 895 2620 coeperunt.
935 2541 1073 2622 Ideoque
1095 2539 1223 2620 placuit,

71 2636 109 2690 ut
129 2626 159 2688 si
179 2623 250 2708 quis
270 2625 403 2688 clericus
432 2625 611 2688 ministeriis
638 2623 797 2687 eeclesiae
822 2625 964 2705 propriae
992 2622 1153 2688 destitutis
1182 2621 1223 2684 ad

72 2713 163 2780 aliam
185 2706 351 2773 transitum
369 2711 496 2791 fecerit,
518 2710 725 2793 compellente
747 2707 787 2772 ad
809 2728 902 2791 quem
922 2709 1015 2774 fuerit
1035 2707 1089 2788 ¹⁰)
1111 2727 1222 2770 saeor-

72 2795 409 2880 dete,adeeelesia1e
431 2815 523 2879 quarn
544 2797 629 2877 prius
647 2795 820 2861 incoluerat
844 2796 1026 2861 remittatur.
1051 2791 1125 2876 'Qui
1146 2811 1222 2856 vere

74 2903 145 2947 eum
172 2880 351 2963 susceperit
378 2900 439 2944 nec
467 2881 575 2946 statim
603 2883 673 2948 siue
694 2881 757 2944 ulle
776 2883 846 2944 nisu
867 2882 1065 2966 exceptionis
1086 2881 1126 2944 ad
1147 2899 1223 2964 pre·
1271 2932 1274 2936 .

71 2970 170 3056 priam
189 2965 360 3032 ecelesiam
380 2968 599 3032 remittendum
626 2968 777 3050 elegerit,
803 2968 950 3049 quamdiu
976 2988 1048 3032 eum
1077 2969 1223 3029 restituat

72 3055 285 3119 communione
306 3073 343 3119 se
363 3051 518 3137 privatum
537 3062 703 3136 agnoscat.
727 3051 930 3118 Desertorem
950 3063 1055 3118 autem
1076 3050 1222 3118 clericum

75 3139 199 3222 cingulo
222 3137 349 3202 honeris
376 3149 471 3220 atque
498 3137 615 3208 ordinis
641 3138 691 3202 sui
713 3145 842 3202 exutum
864 3141 966 3226 aliquo
988 3149 1128 3225 ternpore
1150 3157 1221 3214 me,-

75 3223 211 3288 nasterie
242 3223 373 3308 deligari
407 3227 574 3305 convenit,
611 3225 721 3306 sicque
748 3233 863 3306 postea
889 3221 1221 3304 inmieisrerium11)

74 3307 283 3378 ecclesiastici
303 3309 419 3373 ordinis
445 3308 594 3374 revecari.
636 3311 720 3374 Nam
740 3330 803 3372 non
823 3313 939 3392 peterit
959 3313 991 3374 iu
1011 3308 1127 3372 talibus
1146 3326 1222 3394 per-

74 3395 294 3480 vagationibus
308 3394 363 3475 12)
384 3395 501 3458 aboleri
519 3395 664 3476 licentia,
694 3393 755 3458 nisi
776 3394 919 3462 fueritin
939 3395 978 3464 iis
1000 3401 1126 3477 prepter
1148 3395 1221 3455 eer-'

72 3484 243 3550 rectionem
259 3481 313 3560 ¹³)
342 3481 523 3562 disciplinae
543 3481 717 3546 subsecuta
738 3498 881 3548 censura.
1212 3557 1214 3562 Α

113 3585 170 3651 IV.
210 3583 262 3650 De
294 3583 431 3669 bigamia
463 3583 508 3646 ed
535 3583 767 3664 presbyterium
799 3582 852 3646 eei
881 3583 1085 3651 diaconalem
1115 3599 1180 3644 eea

448 3691 451 3694 ·
527 3668 759 3749 promovendis.
1029 3697 1033 3706 ’
1059 3701 1064 3707 ··

159 3751 279 3832 Quarta
299 3754 424 3822 actione
448 3757 622 3822 nuntiatum
644 3760 696 3816 est
716 3752 806 3818 uobis
826 3751 909 3837 apud
929 3752 1142 3835 Astigitanam
1163 3769 1222 3814 ec-

74 3839 202 3903 clesiam
230 3839 381 3921 quasdam
408 3845 512 3919 nuper'
533 3837 744 3905 ordinationes
770 3842 894 3904 illicitas
920 3838 1084 3920 extitisse,
1114 3835 1222 3915 itaut

75 3923 199 4007 quidam
217 3925 380 3989 viduarum
399 3926 500 3991 mariti
519 3922 684 3989 levitamm
705 3927 875 3991 ministerio
896 3933 1110 3989 sacrarentur:
1141 3942 1222 4010 ques

76 4009 198 4092 quidem
230 4012 380 4074 convenit
409 4031 428 4073 a
454 4010 554 4094 gradu
583 4020 734 4091 suscepte
762 4014 793 4074 in
820 4013 935 4073 irritum
963 4009 1133 4093 devocari,
1160 4027 1222 4072 nec

75 4095 155 4159 ultra
178 4097 309 4178 provebi
336 4093 381 4162 ad
401 4097 534 4160 diaconii
559 4097 761 4158 ministerium
783 4099 836 4179 qui
856 4105 965 4166 eontra
993 4097 1100 4168 divine
1126 4103 1221 4176 atque

77 4181 296 4245 ecelesiastica
310 4179 381 4262 jura
402 4180 536 4244 instituti
555 4179 758 4272 reperiuntur,

117 4349 145 4416 1)
164 4347 336 4418 Carthag.il.
353 4350 488 4404 e.1e.11.
516 4349 560 4400 lii.
579 4349 658 4404 eae.
707 4382 743 4395 -ι
789 4351 1223 4422 ‘²)erltt.,01n.eademvoee

143 4423 203 4471 ante
219 4423 302 4474 verba
318 4429 446 4477 eetereem
463 4427 603 4472 domatum.
640 4449 676 4462 -
698 4428 700 4433 '
724 4422 754 4490 ³)
772 4429 796 4476 at
812 4433 894 4478 lernen
910 4425 947 4477 Μ.
987 4446 1023 4461 ·-·
1072 4421 1102 4488 ⁴)
1116 4431 1163 4484 pec
1179 4439 1223 4473 re-

143 4497 260 4544 teelteete
284 4491 349 4547 Lue.
400 4516 437 4532 ·-·
497 4489 525 4558 ὅ)
547 4497 573 4544 et
589 4498 669 4542 tameo
684 4489 721 4544 M.
771 4519 808 4536 -
836 4509 840 4516 ·
867 4495 896 4562 θ)
913 4493 1133 4556 proeeeetteLuc.
1152 4491 1224 4544 etin

143 4574 178 4611 m.
195 4557 233 4612 M.
269 4587 305 4602 -·
347 4561 376 4630 i)
393 4567 599 4615 reverendissime
621 4561 659 4612 M.
692 4587 729 4603 ·-
770 4566 800 4635 ⁸)
819 4571 968 4628 tepescendo
985 4563 1022 4614 M.
1056 4555 1094 4604 -’-·
1135 4559 1168 4628 ⁹)
1183 4571 1225 4622 eet

143 4637 175 4680 de
197 4635 318 4685 ecciesiae
342 4649 403 4685 enee
427 4641 496 4686 cultu
520 4630 549 4683 iu
572 4647 607 4684 ur.
631 4631 669 4683 M.
720 4659 757 4672 -
818 4635 868 4701 ιο)
892 4639 985 4696 erpere
1008 4631 1035 4684 in
1060 4649 1095 4684 m.
1117 4633 1154 4684 M.
1190 4661 1225 4669 -·

101 4697 148 4766 ¹¹)
166 4709 302 4754 mteteterto
319 4703 356 4754 Μ.
380 4733 416 4742 »-
444 4702 494 4768 ¹²)
511 4710 696 4766 prepepetteru'e
713 4703 741 4755 in
759 4719 792 4754 ur.
809 4703 846 4753 Μ.
869 4732 904 4740 -
927 4701 977 4768 1³)
995 4711 1172 4764 correptionem
1188 4699 1224 4750 Μ.
1272 4742 1276 4750 .
