2864 5042
255 543 551 674 bonomium
577 531 1043 688 nnnuuuonnunso
1053 595 1098 690 1),
1110 531 1118 650 s
1208 711 1211 716 Ι

575 793 776 820 *muru—m-

78 889 218 1022 Anno
241 932 333 994 tertio
355 930 456 1022 [regis
469 930 605 1016 Egiridi]
621 931 805 998 Theodorus
825 935 912 1026 cogit
933 925 1105 1012 concilium„
1119 934 1250 1012 episco-

79 1044 204 1107 porum
226 1040 380 1088 unacum
407 1027 463 1106 iis,
491 1027 544 1107 qui
572 1028 722 1104 canoniea
743 1035 864 1109 patrum
885 1027 1005 1090 statuta
1026 1035 1060 1088 et
1081 1021 1248 1108 diligerent

81 1120 121 1176 et
143 1118 298 1192 nossent,
325 1111 487 1196 magistris
512 1111 670 1174 ecclesiae
695 1111 854 1192 pluribus:
886 1111 999 1196 quibus
1027 1111 1142 1194 pariter
1165 1130 1251 1176 cou-

80 1195 240 1280 gregatis
270 1190 434 1280 diligenter
461 1215 608 1279 eaquae
635 1197 747 1259 unitati
772 1195 863 1278 pacis
896 1199 1135 1262 ecclesiasticae
1165 1215 1250 1260 oon-

82 1290 261 1364 gruerent,
281 1297 320 1342 eo
341 1301 402 1364 quo
424 1281 601 1363 pontificem
623 1282 760 1350 decebat
780 1284 897 1366 animo,
912 1283 1029 1364 'coepit
1049 1282 1246 1366 observando

83 1368 230 1449 docere,
250 1365 340 1448 cujus
361 1368 534 1450 synodicae
554 1367 688 1433 actionis
708 1365 886 1450 hujusmodi
906 1377 1016 1432 textus
1035 1377 1113 1431 este
1180 1379 1184 1386 '

181 1486 371 1557 Iunonius
404 1467 529 1547 domini
544 1483 596 1548 dei
625 1494 659 1547 ct
688 1487 855 1550 salomouis
878 1487 981 1562 nostri
1005 1487 1088 1550 Jesu
1116 1484 1244 1570 Christi,

85 1578 250 1654 regnante
277 1573 308 1632 in
336 1579 521 1652 perpetuum
550 1588 590 1642 ac
615 1571 809 1654 gubernante
828 1591 919 1636 suain
940 1573 1110 1649 ecclesiam
1131 1567 1243 1634 eodem
1318 1637 1352 1652 ,l

89 1657 237 1720 domino,
254 1665 361 1726 nostro
376 1655 412 1735 ²)
436 1657 518 1720 Jesu
547 1655 692 1738 Christo,
726 1659 845 1748 placuit
873 1657 1041 1722 convenire
1068 1675 1129 1720 nos
1147 1643 1244 1738 juxta

86 1761 211 1805 morem
234 1759 387 1804 canonum
409 1741 631 1805 venerabilium
649 1751 837 1812 tractaturos
859 1741 1112 1818 denecessan'ls
1132 1743 1243 1806 eccle·-
1304 1820 1306 1824 .

87 1831 161 1891 siae
189 1826 335 1909 negotiis
378 1826 591 1891 Convenimus
618 1837 722 1890 autem
742 1829 794 1890 die
813 1829 971 1911 vigesimo
990 1835 1102 1909 quarto
1122 1829 1242 1892 mensis

88 1913 304 1996 Septembris,
334 1910 503 1975 indictione
521 1913 704 1994 .priotu„iu
732 1913 803 1982 loeo
830 1915 883 1995 qui
909 1914 1020 1976 dicitur
1045 1911 1245 1982 Herodlordr

86 2019 157 2083 ego
178 1997 303 2083 quidem
324 1997 507 2066 Theodorus
513 2043 523 2080 ‚
548 1997 694 2079 quamtis
711 1997 878 2082 indignus,
905 1999 946 2068 nb
968 1998 1140 2078 apostoliea
1161 1995 1242 2060 sede

89 2085 270 2152 destinatus
289 2083 541 2150 Dorovemeusis
567 2083 726 2150 ecclesiae
751 2085 940 2166 episcopua,
968 2091 1002 2149 et
1028 2081 1241 2156 consacerdos

91 2189 133 2235 ao
166 2169 261 2236 irater
293 2177 402 2236 noster
431 2167 711 2236 reverendissimus
744 2170 810 2234 Risi
844 2169 1036 2238 orientolium
1065 2167 1241 2251 Auginum

92 2255 278 2337 episcopus,
307 2255 424 2336 quibus
442 2255 539 2324 etiarn
560 2255 656 2320 frater
676 2263 711 2319 ot
728 2254 943 2326 coumoardot
959 2262 1068 2328 noster
1088 2251 1249 2330 Villridars

89 2341 125 2405 N
125 2339 414 2403 ordanbumbrorum
425 2340 530 2422 gentle
541 2341 710 2422 episeopus
724 2343 933 2422 perproprios
945 2340 1121 2424 legontius·
1129 2337 1244 2422 totuin

89 2425 256 2490 adfirernnt
283 2433 317 2488 et
332 2425 455 2496 ,fratres
483 2433 516 2487 et
545 2425 791 2492 consacerdotes
814 2428 913 2487 nostri
942 2427 1039 2493 Putta
1067 2424 1238 2506 episcopus

89 2512 213 2578 castelli
242 2509 589 2591 cantuariorum-quod
617 2510 729 2573 dicitur
755 2509 1240 2592 ttofeseestir³),'11outberius

91 2595 260 2679 episcopus
281 2593 519 2660 occidentalium
541 2596 719 2676 Saxonum,
740 2593 900 2659 vinfridus
919 2595 1089 2676 episcopus
1107 2595 1240 2676 provinz

92 2685 160 2748 oiae
179 2679 374 2745 Merciorum.
411 2681 555 2763 Cumque
576 2682 607 2743 in
628 2700 721 2744 unum
743 2680 969 2744 convenientes
984 2679 1077 2761 juxta
1097 2680 1235 2760 ordinem

93 2769 203 2850 quique
223 2786 314 2830 suum
334 2766 579 2848 resedissemus,
598 2765 710 2849 Rogo,
731 2768 873 2849 inquam,
896 2762 1090 2839 dilectissimi
1110 2766 1233 2848 iratres,
1283 2767 1284 2774 ’

94 2863 214 2936 propter
232 2854 371 2915 timorem
394 2860 429 2914 et
448 2871 583 2915 amorem
604 2851 808 2934 redemptoris
828 2853 941 2935 nostri,
961 2859 997 2914 ut
1017 2851 1048 2913 in
1069 2869 1233 2916 commune

94 2957 197 3000 omnes
217 2958 272 3019 pro
293 2946 400 3000 nostra
419 2937 482 3000 lide
504 2945 695 3018 tractemus,
719 2946 758 3002 ot
777 2952 921 3020 quaeque
942 2937 1130 3001 decretaac
1150 2935 1233 2998 dofl-

92 3026 154 3088 nita
182 3032 256 3086 sunt
284 3043 304 3086 a
335 3023 458 3086 sanctis
489 3031 524 3084 et
552 3023 760 3104 probabilibus
792 3023 948 3105 patribus,
986 3023 1162 3104 incorrupte
1192 3023 1234 3084 ab

93 3109 228 3172 omnibus
258 3109 349 3171 nobis
374 3116 547 3170 serventur.
586 3109 678 3170 iluec
706 3109 827 3170 etalio
854 3104 947 3190 quum
974 3108 1067 3189 plura·
1088 3125 1170 3190 quaa
1191 3103 1233 3171 ad

92 3191 246 3258 caritatem
269 3195 472 3276 pertinebant·
486 3193 699 3275 unitatemque
717 3191 1138 3262 ecclesiae-conservandum
1155 3211 1232 3275 pro-

94 3288 217 3343 secutus
243 3299 313 3341 sum
325 3324 334 3360 ,
368 3297 502 3361 cumque
530 3278 710 3359 explessem
735 3280 1013 3361 praelocutionem,
1035 3279 1233 3360 intemptent

93 3383 333 3446 unumquemque
364 3383 469 3427 eornm
495 3363 745 3444 perordinem,
771 3366 803 3426 si
822 3363 1047 3425 consentirent
1077 3383 1116 3426 ea
1148 3381 1230 3444 quae

6 3525 7 3530 γ
97 3451 265 3530 apabibos
286 3451 436 3514 cauomce
457 3458 532 3512 snut
550 3449 721 3530 auqutus
741 3448 870 3515 decreta
887 3446 1056 3514 custodire
1078 3447 1133 3516 At
1146 3447 1230 3530 qnod

97 3553 196 3598 omnes
232 3535 476 3598 oonmcmdutes
512 3530 609 3604 nostri
642 3533 871 3615 respondentes
900 3531 1067 3603 dixerant:
1100 3532 1230 3614 omine

99 3620 228 3682 omnibns
247 3622 362 3702 placet,
383 3638 527 3701 quaeque
543 3617 731 3681 definierunt
749 3628 928 3682 sanctorum
949 3627 1229 3700 cortonasepotruru

98 3724 151 3768 nos
175 3723 300 3788 quoque
323 3724 432 3768 omnes
454 3705 679 3770 thanaim
704 3705 910 3776 libentissime
929 3723 1065 3768 servare.
1108 3704 1230 3783 Quibus

96 3787 191 3857 raon
211 3791 324 3870 protuli
343 3789 614 3870 eumdemlibrum
636 3809 805 3872 canonum,
825 3799 860 3852 et
880 3811 921 3855 ex
938 3789 1053 3857 eodem
1073 3787 1149 3857 libro
1169 3790 1231 3853 de-

97 3897 160 3942 oeu
184 3877 341 3956 capitula,
373 3893 454 3957 quoe
483 3895 538 3956 por
566 3877 637 3939 looa
663 3885 847 3943 notaveram
874 3873 947 3958 qriia
976 3873 1111 3949 maxime
1135 3876 1231 3947 nobis

96 3963 266 4026 necessaria
285 3961 442 4042 sciebam,
462 3962 523 4022 illis
544 3978 647 4023 coram
668 3963 809 4043 ostendi,
836 3969 871 4024 et
890 3969 927 4027 ut
947 3962 1029 4033 haee
1049 3959 1235 4046 diligentius

96 4049 132 4111 ab
151 4047 286 4109 omuibus
305 4048 540 4128 susciperentur
555 4045 677 4136 rogavi·
815 4072 817 4076 ·

96 4189 281 4208 m

137 4267 163 4334 1)
178 4266 216 4318 Ex
237 4267 329 4322 Bodas
347 4265 527 4334 nxt.1t.‚5.
549 4271 637 4322 cubat.
660 4284 720 4321 curu
737 4285 786 4322 ms.
805 4265 912 4322 (lottou.
932 4269 1041 4338 verpus.
1062 4295 1099 4314 *-
1122 4269 1230 4324 'litoius

148 4339 199 4390 ‘ort
217 4352 259 4404 ap.
282 4338 336 4392 Id:
364 4345 394 4394 tu
411 4355 458 4399 ooo
474 4355 505 4394 eo
520 4355 583 4399 otae
598 4357 615 4396 rt
629 4348 744 4401 uum
758 4348 933 4398 munorum
950 4349 1067 4400 minutos
1085 4351 1145 4399 ¹rotro
1162 4351 1230 4398 outt-

158 4413 238 4468 potu
258 4416 362 4464 murm
383 4417 546 4468 catanance
567 4417 607 4464 tte
622 4419 654 4464 ot
669 4417 757 4474 Aac&
772 4418 954 4472 ammantat,
979 4419 1063 4468 aaut
1074 4429 1137 4470 uero
1152 4430 1231 4474 urce-

161 4485 232 4538 cipue.
269 4475 450 4546 Capitulorum
472 4477 542 4531 tituli
565 4496 616 4532 non
639 4483 701 4532 sunt
717 4479 744 4532 in
763 4477 805 4531 ed.
821 4479 949 4544 wilkins,
971 4481 1066 4534 sedin
1082 4481 1124 4536 ed.
1143 4481 1179 4534 Μ.
1197 4481 1230 4533 ad

161 4545 300 4611 marginem
322 4547 444 4614 appositi.
489 4577 525 4589 -
576 4550 606 4616 ²)
623 4558 709 4602 uestro
732 4549 807 4602 deest
826 4549 855 4601 in
880 4549 986 4602 cotton.
1029 4577 1065 4590 -·
1115 4552 1147 4622 ⁸)
1163 4559 1231 4606 nro·

162 4622 293 4678 sectator
311 4615 432 4682 Cottomt
455 4625 631 4686 Rottrcltmter
648 4618 712 4686 (tit)
731 4619 768 4674 tt.
801 4643 837 4660 -··
