2874 5044
210 223 255 303 ,30
441 305 443 309 ,
483 223 724 296 consutum
751 229 1088 300 emendasset.

209 398 320 497 ipsius¹
331 397 445 467 enom
461 399 645 490 pestilenu'a
665 402 883 488 sitriafaotars,
900 405 1241 500 winheim
1259 407 1371 477 homi-

209 483 302 550 nibus
330 485 522 573 declaretur,
551 489 663 574 quiin
690 487 761 574 ipsa
788 493 986 556 extremitate
1014 494 1117 557 mundi
1140 503 1172 557 et
1194 497 1224 557 in
1245 498 1370 561 ultimis

209 569 303 654 hujus
323 569 504 655 provinciae
524 575 706 656 regionibus
726 575 891 640 constituti
917 585 973 640 aut
1000 579 1149 664 exiguam
1178 590 1233 642 aut
1260 599 1369 662 paene

208 657 323 722 nullam
352 665 462 721 rectae
491 657 673 722 emditionis
701 662 842 723 notitiam
870 665 1078 746 contigerunt.
1127 665 1231 728 meno
1257 676 1367 730 amem

207 753 337 808 vestrae
357 743 559 808 beatitudiuis
580 745 805 808 fraternitatem
825 766 939 830 nosse,
960 750 1032 830 quia
1054 769 1093 812 eo
1114 760 1271 832 tempora,
1300 771 1366 834 quo

208 827 240 894 in
260 829 311 892 bis
331 826 512 912 regionibus
530 829 753 894 nefandissima
772 831 985 896 priscillianae
1007 844 1119 898 sectae
1140 855 1266 898 venena
1290 857 1368 900 ser-

207 916 334 996 pebant,
355 915 556 978 beatissimus
576 935 660 997 papa
679 917 764 980 urbis
784 917 905 980 Romae
926 919 1004 1000 Leo,
1026 919 1079 1000 qui
1101 921 1365 1003 quadragesimus

208 1000 275 1067 lere
304 1000 433 1072 catium
461 1001 597 1082 apostoli
620 1003 707 1066 Petri
734 1021 925 1085 successor,
951 1023 1008 1085 per
1030 1007 1185 1078 'l'uribium
1206 1009 1363 1073 notarium

206 1086 295 1154 sedis
315 1104 394 1148 suae
415 1084 455 1148 ad
475 1086 630 1170 synodum
649 1085 833 1155 Gallaeciae
849 1088 882 1168 ¹)
904 1097 1013 1154 eontra
1034 1087 1159 1172 impiam
1174 1092 1363 1159 Priscilliani

209 1181 333 1255 pectam
353 1172 473 1254 scripta
499 1191 559 1236 sua
583 1171 696 1237 direxit
711 1173 755 1256 ²).
801 1173 901 1256 Cujus
922 1175 1016 1238 etiam
1037 1185 1209 1260 praecepta
1223 1177 1257 1258 ⁸)
1280 1179 1363 1242 'lar-

206 1277 398 1324 raconenses
434 1266 468 1322 et
498 1257 769 1343 Carthaginenses
799 1262 973 1344 episcopi„
992 1261 1137 1326 Lusitani
1170 1283 1295 1346 quoque
1328 1274 1363 1331 et

206 1343 347 1424 Baetici,
368 1343 454 1410 facto
474 1340 557 1407 inter
577 1362 615 1408 se
635 1347 778 1428 concilio,
797 1347 940 1430 regulam
960 1345 1035 1412 fidei
1055 1357 1168 1427 contra,
1184 1351 1361 1425 Priscillia-

206 1449 280 1515 nam
308 1425 464 1494 haeresim
485 1446 557 1494 cum
578 1429 736 1512 aliquibus
759 1430 906 1514 capitulis
925 1434 1162 1499 conscribentes
1182 1434 1223 1498 ad
1242 1437 1362 1502 Balco-

205 1513 292 1579 nium
320 1523 396 1580 tunc
423 1511 517 1596 hujus
547 1517 752 1580 Bracarensis
781 1515 939 1582 ecclesiae
966 1521 1144 1600 praesulem
1169 1519 1361 1588 direxerunt.

205 1599 299 1668 Unde
312 1597 385 1683 quia
406 1609 439 1666 et
459 1602 561 1682 ipsum
582 1604 795 1684 praescriptae
816 1603 890 1668 fidei
910 1605 1069 1686 exemplar
1086 1625 1157 1670 cum
1179 1608 1247 1670 suis
1266 1610 1361 1688 capi-

205 1688 280 1756 tulis
298 1706 375 1768 prae
395 1687 538 1752 manibus
558 1685 611 1750 hic
629 1689 800 1770 babemus,
828 1708 884 1770 pro
914 1691 1119 1756 instructione
1139 1693 1361 1776 ignorantium,

204 1770 235 1842 si
253 1780 384 1838 vestrae
403 1773 510 1854 placet
530 1775 745 1856 reverentiae,
769 1776 928 1838 recitetur.

211 1919 216 1926 .
287 1857 409 1922 Omnes
436 1859 579 1940 episcopi
604 1859 768 1925 dixenmt:
798 1859 903 1923 Valde
928 1864 1111 1926 necessaria
1137 1863 1246 1928 borum
1266 1866 1361 1946 capi-

203 1945 337 2014 tulorum
366 1952 419 2010 est
444 1945 560 2027 lectio,
594 1952 632 2007 ut
659 1944 732 2008 dum
759 1945 999 2027 simplicioribus
1025 1950 1200 2032 quibusque
1226 1947 1361 2030 pristina

203 2041 382 2096 sanctorum
394 2038 516 2111 patnrm
530 2038 653 2095 statuta
669 2030 856 2113 panduntur,
872 2033 1050 2098 abominata
1068 2034 1134 2115 jam
1150 2037 1223 2100 olim
1242 2035 1361 2098 asede

203 2115 378 2180 beatissimi
397 2117 484 2180 Petri
509 2117 647 2197 apostoli
672 2126 707 2180 et
731 2115 900 2183 damnatae
924 2120 1189 2200 Pnacilttmaet)
1214 2121 1360 2186 haeresis

202 2199 355 2284 figmenta
375 2210 583 2284 cognoscant

287 2288 422 2350 Lectum
449 2295 501 2350 est
527 2285 687 2368 exemplar
711 2285 786 2350 fidei
814 2305 887 2352 cum
915 2289 1061 2370 capitulis
1084 2289 1172 2367 suis,
1202 2306 1285 2368 quae
1312 2309 1360 2353 ne

202 2373 413 2456 prolixitatem
443 2371 585 2437 lacerent
617 2373 668 2435 his
698 2375 804 2455 gestis
835 2375 959 2438 minime
989 2381 1062 2436 sant
1092 2373 1219 2434 inserta
1274 2371 1360 2438 Post

202 2458 368 2522 lectionem
395 2457 599 2539 capitulorum
628 2475 737 2522 omnes
764 2459 905 2540 episcopi
933 2457 1095 2520 dixerunt:
1127 2458 1220 2520 Licet
1242 2457 1357 2522 horum
1429 2481 1430 2505 ι

204 2544 409 2626 capitulomm
424 2543 459 2624 ⁵)
477 2543 574 2608 lectio
595 2545 776 2608 necessaria
795 2545 955 2608 recensita
968 2544 1026 2624 sit,
1047 2551 1154 2608 manen
1175 2542 1357 2608 evidentius

202 2638 238 2696 et
262 2629 436 2710 simplicius
464 2649 504 2694 ea
531 2649 613 2712 quae
639 2640 715 2694 suut
742 2631 930 2705 execrabilia
965 2629 1011 2694 ita
1045 2629 1233 2712 praepositis
1259 2631 1357 2692 etiam

202 2716 294 2780 modo
327 2715 473 2797 capitulis
504 2711 718 2794 declarentur,
751 2723 788 2776 ut
821 2726 855 2778 et
894 2717 947 2798 qui
985 2713 1088 2780 minus
1122 2725 1175 2777 est
1215 2714 1357 2776 eruditus
1428 2750 1429 2787 ι

201 2802 375 2882 intelligat,
404 2809 437 2862 ct
466 2801 514 2866 sic
542 2801 601 2865 sub
630 2797 840 2862 anathematis
860 2802 1019 2866 sententia
1046 2801 1178 2882 explosa
1195 2799 1262 2880 jam
1282 2800 1355 2862 olim

200 2884 385 2952 Priscilliani
406 2887 517 2950 erroris
536 2886 686 2966 figmenta
706 2885 907 2967 damnentur,
927 2895 964 2948 ut
984 2886 1126 2966 quisquis
1145 2887 1279 2948 clericus
1300 2885 1354 2946 vel

203 2971 377 3036 monachus
403 2973 474 3036 sive
502 2971 602 3036 laicus
626 2972 691 3034 tale
711 2967 826 3052 aliquid
847 2972 966 3034 sentire
985 2969 1089 3035 adhuc
1110 2969 1163 3034 vel
1184 2967 1354 3034 defendere

200 3057 294 3120 luerit
314 3056 548 3140 deprehensus,
571 3066 720 3139 tauquam
739 3075 825 3132 vere,
838 3064 929 3137 putre
951 3057 1121 3122 membrum
1142 3056 1287 3121 continuo
1312 3054 1352 3118 de
1427 3051 1428 3056 ’

201 3161 331 3224 corpore
351 3140 575 3221 abscidatu10)
596 3144 772 3206 catholicae
793 3143 961 3224 ecclesiae,
982 3163 1022 3206 ue
1045 3153 1100 3208 aut
1120 3144 1260 3208 societas
1282 3139 1355 3220 ejus

199 3229 351 3292 maculam
366 3247 445 3292 suae
463 3228 629 3310 pravitatis
644 3237 732 3292 recte
750 3227 949 3292 credentibus
967 3230 1100 3310 ingerat,
1115 3224 1353 3308 autamplius')

200 3313 241 3383 de
261 3314 467 3396 permixtione
488 3313 595 3377 talium
614 3311 738 3395 aliquod
760 3311 943 3376 orthodoxis
962 3321 1123 3392 reputetur
1149 3313 1353 3394 opprobrium.

199 3458 413 3566 Proposita
448 3491 586 3548 contra
618 3483 911 3548 Priscillianam
945 3479 1140 3544 haeresim
1175 3481 1354 3562 capitula

473 3578 513 3632 et
538 3569 691 3632 relecta
716 3570 924 3631 continent
956 3567 1075 3639 haec:

284 3699 308 3761 l.
346 3696 383 3762 Si
404 3697 475 3782 quis
495 3705 615 3786 patrem
638 3695 788 3759 etlilium
810 3704 844 3759 ct
864 3695 1005 3777 spiritum
1027 3703 1171 3757 sanctum
1192 3710 1255 3755 uon
1273 3709 1355 3757 con·

198 3783 306 3847 litetur
326 3793 393 3847 tres
414 3787 567 3866 personas
587 3781 679 3844 unius
702 3801 777 3845 esse
798 3781 995 3845 substantiae
1018 3789 1052 3843 et
1072 3779 1199 3842 virtutis
1224 3795 1264 3842 ac
1289 3797 1354 3860 pc·
1424 3823 1425 3832 1

199 3873 338 3952 testatis,
360 3872 444 3932 sicut
463 3867 622 3931 catholica
643 3875 676 3927 et
696 3869 872 3948 apostolica
893 3867 1031 3930 ecclesia
1052 3866 1157 3947 docet,
1179 3864 1353 3926 sedunam
1424 3891 1425 3915 ι

199 3964 321 4020 tautum
342 3973 382 4018 ac
401 3954 570 4017 solitariam
593 3953 670 4015 dicit
693 3971 769 4014 esse
790 3970 965 4033 personam,
986 3953 1031 4013 ita
1052 3959 1087 4012 ut
1109 3953 1177 4030 ipse
1198 3951 1242 4014 sit
1262 3958 1354 4034 pater

200 4043 254 4126 qui
274 4041 373 4120 filius,
394 4039 464 4121 ipse
487 4039 583 4100 etiam
603 4038 646 4102 sit
665 4039 845 4118 paracletus
865 4036 1008 4118 spiritus,
1036 4037 1119 4098 sicut
1140 4035 1299 4102 sabellius
1320 4045 1354 4098 et
1423 4037 1424 4042 ’

198 4125 411 4192 Priscillianus
432 4122 596 4206 dixenmt,
622 4124 790 4187 anathema
809 4123 862 4186 sit

197 4265 397 4286 *aa-nu·—

234 4345 263 4412 ι)
285 4347 405 4398 antero·
424 4341 458 4396 Μ.
498 4329 536 4380 ἷ-
589 4342 619 4408 ²)
638 4341 707 4396 Vide
724 4341 751 4395 in
769 4339 851 4410 priori
868 4339 946 4406 hrrjun
963 4338 1103 4394 voluminis
1121 4346 1195 4408 parte
1212 4358 1274 4410 pag.
1291 4343 1351 4397 405.

266 4414 446 4482 additamenta
463 4410 497 4464 nd
516 4409 629 4465 eoncilia
647 4413 733 4466 'l'olet
746 4415 765 4465 Ι.
783 4417 810 4466 et
827 4413 859 4464 Μ.
900 4436 936 4450 -
986 4410 1014 4477 ⁸)
1032 4420 1165 4474 praecepto
1181 4412 1220 4464 Μ.
1255 4439 1292 4452 -

232 4483 567 4552 ‘lausannensem
583 4480 620 4536 Μ.
655 4509 693 4546 ,-
742 4482 1055 4548 ⁸)bom1mcapttu1maaa
1077 4480 1174 4534 emin
1192 4499 1227 4534 ιιι.
1245 4483 1281 4534 Μ.
1316 4507 1352 4520 -
1421 4505 1422 4552 p

233 4555 264 4623 ο)
282 4561 448 4607 moneatur
463 4552 502 4607 M.
547 4575 584 4592 -·-
640 4553 669 4621 ¹¹)
687 4571 719 4606 ne
735 4562 779 4606 aaa
801 4562 931 4606 eceteram
954 4559 1001 4605 aaa
1018 4559 1153 4614 moeream
1176 4561 1233 4614 erra
1254 4558 1352 4607 acuta

174 4651 177 4656 ·
265 4619 669 4679 recommemorando
701 4647 738 4662 -
