2858 5036
335 342 346 350 -
384 295 626 378 coracinum
645 298 937 368 quemcumqu.
1175 303 1241 366 '85

67 463 236 549 accipiet3
268 465 411 550 quisquis
427 467 460 547 ¹)
493 469 532 532 ab
571 488 609 531 ea
643 470 826 533 discesserit
861 480 895 533 et
925 473 955 533 in
987 469 1048 536 hac
1075 470 1137 534 fide
1163 489 1237 535 osse

69 555 232 634 noluerit,
260 571 330 614 cum
351 554 475 615 diabolo
499 572 618 635 poenas
641 557 760 617 aeterni
782 555 968 638 supplicii¹J
989 557 1061 619 luet.
1102 555 1236 621 Oramus
1341 557 1346 562 ’

67 643 170 722 ergo
187 638 430 718 omnipotentem
458 638 565 722 deum,
603 649 637 702 ut
666 641 747 704 haec
772 643 940 713 credulitas
972 643 1095 704 sincera
1129 642 1235 708 divina
1303 701 1313 712 ,

66 726 174 786 nobis
194 724 336 793 conferat
356 724 510 786 beneficia
531 724 663 806 ejusque
682 723 785 807 pietas
805 736 919 790 sancta
938 729 1095 808 praesenti
1110 728 1141 788 in
1157 727 1235 788 sae-

70 811 152 874 culo
182 818 299 872 cuncta
326 810 416 871 nobis
443 809 578 872 dimittat
602 820 756 892 peccata,
783 820 818 872 et
845 831 917 873 cnm
943 813 1066 874 venerit
1090 810 1235 892 judicare

70 898 175 957 vivos
195 903 229 955 et
250 903 402 971 manuos,
432 895 471 956 ad
493 895 654 957 dexteram
677 915 770 958 suam.
788 915 846 958 nos
862 896 1083 976 justificandos
1104 905 1233 960 statuat.

23 989 26 996 ’
75 982 117 1042 Si
135 979 205 1061 quis
221 999 283 1040 non
302 979 467 1041 crediderit
483 989 537 1059 aut
558 982 726 1046 confessus
747 1001 809 1042 non
831 983 922 1044 tuerit
942 991 1062 1063 patrem
1085 991 1118 1044 et
1137 983 1233 1045 fliium

74 1075 112 1126 et
144 1066 284 1144 spiritum
316 1073 472 1145 sanctum,
491 1077 587 1130 unum
619 1085 695 1129 esse
725 1065 758 1134 in
790 1065 930 1134 trinitate
962 1067 1055 1134 deum
1069 1066 1120 1149 ⁸),
1137 1085 1235 1137 ‘aua-

68 1152 183 1215 thema
202 1151 253 1216 sit.
481 1157 484 1164 “

241 1235 254 1262 s
271 1253 307 1316 11.
350 1252 402 1320 De
423 1255 597 1338 vespertini
619 1257 722 1342 officia·
741 1255 895 1323 seruando
918 1254 1039 1342 opellae.

21 1423 25 1426 ,
166 1353 259 1418 Sicut
280 1356 310 1416 io
332 1354 394 1416 fide
415 1363 527 1417 sancta
546 1364 656 1418 nostra
676 1366 726 1419 est
748 1359 949 1438 unanimitas,
978 1359 1021 1422 ita
1043 1375 1098 1436 pro
1120 1366 1233 1419 sancto

73 1441 129 1508 dei
152 1440 256 1502 officio
278 1441 372 1506 debet
394 1459 469 1506 esse
490 1442 621 1508 intentio
643 1461 773 1511 summa,
814 1441 946 1524 Oportet
972 1440 1069 1526 igitur
1089 1449 1125 1506 ut
1146 1443 1232 1505 sicut

74 1529 108 1589 in
138 1526 209 1590 aliis
237 1524 383 1592 ecclesiis
405 1525 583 1606 vespertino
607 1536 746 1615 ternpore
767 1537 842 1607 post
862 1529 966 1598 lumen
987 1527 1123 1598 oblatum
1144 1528 1231 1608 prius

74 1612 192 1692 dicitur
204 1610 417 1692 vespertinum
431 1629 523 1692 quam
544 1630 654 1673 sonum
676 1615 706 1674 in
729 1612 840 1682 diebus
862 1614 962 1695 festis,
983 1609 1028 1676 ita
1045 1621 1077 1673 ot
1100 1631 1119 1680 a
1140 1614 1231 1676 nobis
1271 1638 1287 1657 κ

76 1697 275 1761 custodiatur
302 1697 331 1759 in
361 1693 506 1760 ecclesiis
527 1695 651 1758 nostris.
693 1699 730 1760 Si
751 1697 821 1782 quis
843 1699 925 1768 hunc
946 1697 1084 1762 ordinem
1104 1696 1231 1762 minime

75 1781 263 1852 custodierit
292 1780 324 1843 in
352 1780 579 1852 sua-ecclesia
605 1792 799 1864 cunctosque
829 1783 868 1847 ad
896 1803 933 1845 se
954 1783 1147 1864 pertinentes
1168 1785 1231 1848 nori

74 1868 260 1933 instruxerit
287 1875 323 1927 ut
349 1868 461 1932 bonum
489 1866 582 1947 hujus
603 1870 706 1948 operis
726 1876 840 1950 agant,
864 1867 942 1936 dum
964 1869 1027 1930 tale
1049 1864 1090 1928 ad
1111 1868 1256 1951 metro-sp

75 1951 209 2039 politani
231 1952 408 2033 pervenerit
429 1971 521 2013 aures
539 1961 577 2012 et
597 1951 689 2038 fuci-it
709 1972 760 2021 res
782 1953 945 2041 couvIcta,
975 1947 1230 2024 excommunica-

75 2039 229 2115 tinuisse
250 2039 371 2104 noverit
395 2035 476 2103 feriri
496 2038 664 2106 seut-entia.
900 2061 902 2065 ’

117 2175 170 2238 ΙΙΙ.
217 2172 301 2249 Quid
326 2173 371 2232 sit
399 2172 624 2233 observandum
651 2179 789 2254 ternpore
817 2193 876 2255 qao
902 2191 959 2234 rec
985 2175 1020 2234 in
1041 2173 1184 2256 escrcitu
1258 2217 1259 2221 =

203 2257 411 2340 progreditur
430 2276 492 2337 pro
513 2259 616 2338 regis,
646 2261 754 2339 gentis
776 2255 834 2322 aut
849 2260 983 2340 patriae
1004 2264 1095 2340 stetu
1196 2315 1200 2318 .
1254 2318 1258 2324 .

535 2349 632 2426 atque
656 2342 769 2409 aalma

164 2444 323 2523 Quantum
344 2463 415 2507 cum
442 2443 493 2506 dei
516 2442 677 2523 juvamine
703 2444 781 2507 ratio
809 2443 959 2528 competit
973 2444 1008 2524 ⁴)
1035 2453 1070 2506 ut
1096 2444 1229 2506 rectitn-
1264 2521 1268 2527 Ι

79 2529 160 2594 dinis
180 2531 290 2612 regula
309 2538 441 2611 ponatur
457 2531 488 2590 in
505 2529 726 2590 ecclesiastico
744 2531 860 2609 ordine,
877 2538 996 2593 tantum
1015 2529 1228 2590 necessarium

78 2625 130 2678 est
150 2636 189 2677 ea
209 2617 391 2696 excogitare
410 2614 606 2675 etordinare
626 2633 707 2696 quae
725 2614 968 2676 clementissimo
983 2614 1105 2676 domino
1120 2619 1227 2673 nostro
1281 2618 1284 2624 ’

78 2699 313 2764 Reccesvintho
335 2701 404 2782 regi
424 2699 622 2778 fideliumque
644 2717 770 2760 suorum
785 2700 873 2781 genti
888 2707 943 2760 aut
956 2699 1075 2779 patriae
1090 2697 1227 2758 debeant

76 2785 314 2870 prosperitatem
335 2785 455 2846 afferro.
496 2783 543 2846 0b
570 2785 632 2846 hoc
661 2803 740 2866 crgo·
763 2782 898 2846 institnit
912 2783 946 2862 ⁵)
974 2792 1119 2846 sanctum
1145 2797 1225 2843 con-

79 2873 198 2952 cilium,
221 2879 261 2933 ut
283 2871 539 2951 quandocumque
560 2889 632 2930 eum
654 2889 752 2931 causa
771 2869 918 2952 progredi
929 2868 963 2948 ο)
985 2869 1095 2931 fecerit
1115 2874 1225 2928 contra

45 2977 49 2980 ·
78 2973 154 3020 suos
175 2957 306 3035 hostes,
325 2956 541 3035 unusquisque
561 2963 699 3017 nostmm
720 2953 752 3015 in
772 2956 913 3016 ecclesia
933 2975 992 3016 sua
1013 2956 1096 3016 hunc
1114 2961 1225 3014 teneat
1282 2992 1288 3001 -

78 3043 234 3122 ordinem,
262 3043 306 3102 ita
333 3049 369 3101 nt
395 3038 427 3100 in
456 3037 597 3114 omnibus
624 3040 734 3100 diebus
764 3058 819 3119 per
848 3042 959 3100 bonam
987 3039 1224 3120 dispositionem

79 3127 262 3191 sacrificium
291 3126 494 3204 omnipotenti
515 3124 574 3185 deo
596 3143 651 3202 pro
674 3123 743 3204 ejus
763 3143 950 3206 suorumque
970 3124 1107 3187 fidelium
1127 3131 1224 3202 atque
1314 3127 1318 3133 ‘

80 3214 237 3276 exercitus
251 3210 314 3272 sui
338 3212 439 3272 salute
469 3207 616 3270 offeratur
644 3218 677 3270 et
703 3209 828 3272 divinae
848 3209 973 3273 virtutis
994 3207 1141 3273 auxilium
1162 3205 1225 3269 im-

79 3306 230 3382 petretur,
257 3304 292 3358 ut
307 3296 341 3374 ²)
363 3296 449 3356 salus
471 3295 593 3356 cunctis
613 3315 632 3356 a
654 3293 776 3356 domino
798 3293 963 3376 tribuatur,
985 3305 1020 3357 et
1035 3294 1070 3372 ⁸)
1090 3292 1224 3356 victoria

79 3384 121 3446 illi
142 3380 387 3464 omnipotenti⁹J
409 3379 754 3456 deoooncedaturw).
790 3381 921 3441 Tamdiu
941 3381 993 3441 iric
1014 3378 1088 3440 ordo
1110 3384 1224 3437 tenen-

81 3470 139 3531 dus
165 3476 216 3529 est
236 3465 381 3548 quamdiu
402 3485 473 3526 cnm
495 3465 599 3526 divino
622 3463 782 3544 juvamine
804 3462 844 3524 ad
864 3483 953 3526 suam
974 3463 1084 3525 redeat
1104 3458 1223 3522 sedern.

81 3553 228 3634 Quisquis
253 3551 347 3632 hujus
368 3551 570 3612 institutionis
590 3549 716 3610 modum
735 3547 863 3629 implere
884 3547 1053 3630 distulerit,
1083 3546 1165 3608 sciat
1185 3561 1224 3610 sc
1262 3565 1268 3569 ’

80 3659 101 3702 a
118 3657 175 3700 sno
195 3637 431 3718 metropolitano
452 3653 527 3696 csse
547 3635 857 3698 excommunicatum.

89 3771 142 3837 IV.
165 3770 324 3850 coaeter
342 3769 602 3851 metropolitanus
622 3770 689 3830 scis
711 3770 917 3850 confinitimis
938 3776 997 3830 eut
1018 3769 1209 3850 confinitimi
1238 3774 1240 3778 ’
1301 3829 1306 3836 ,

272 3910 275 3916 ,
321 3854 563 3936 metropolitano
583 3854 814 3936 adoptandum
829 3857 973 3934 somam.

162 3960 335 4038 Postquam
361 3956 435 4020 fidei
462 3966 589 4020 nostrae
616 3956 786 4019 credulitas
813 3965 864 4018 est
891 3957 1074 4038 manifesta,
1101 3958 1153 4024 itla
1173 3957 1224 4023 in·

43 4088 54 4118 ι,
81 4043 210 4108 serenda
230 4042 407 4105 curavimus
427 4061 508 4126 quae
527 4041 742 4106 rectitudinem
762 4040 880 4104 faciant
899 4040 931 4105 in
946 4043 1083 4106 ecclesia
1104 4043 1232 4107 sancta*

82 4131 199 4193 Coetus
221 4149 297 4218 ¹ergo
319 4138 444 4190 nostrae
465 4128 676 4191 unanimitatis
695 4127 756 4186 hoc
777 4127 975 4204 inserendum
998 4149 1072 4193 esse
1094 4125 1222 4206 curavit,

82 4225 115 4278 ut
140 4225 278 4294 tempore
306 4234 367 4296 quo
394 4211 700 4298 metropolitanus-iu
722 4212 930 4278 ecclesiatici
952 4214 1045 4281 fucrit
1066 4211 1224 4278 ordinatus

83 4373 277 4390 m

124 4461 151 4526 1)
174 4471 216 4522 qut
236 4463 274 4514 M.
319 4491 354 4506 --
408 4463 438 4528 ²)
460 4472 689 4524 pomoemreraaa
712 4463 750 4514 Μ.
791 4493 827 4503 -
879 4463 1153 4532 ³)derenrom.aM.
1189 4461 1224 4506 -ss

122 4532 152 4597 a)
169 4541 286 4594 comperit
303 4532 372 4586 Eoi.
392 4533 427 4586 Τ.
441 4535 465 4584 1.
477 4537 502 4584 2.
541 4559 577 4573 -·-
626 4534 655 4598 ⁵)
673 4540 719 4584 coc
735 4533 795 4585 add.
813 4533 841 4585 in
859 4534 928 4584 ΕΑ.
948 4535 981 4585 Τ.
995 4533 1111 4598 l.2.‚·et
1128 4551 1170 4604 ap.
1187 4536 1224 4587 Μ.

125 4601 390 4673 ⁶)iupreaidi..,··7
433 4603 461 4669 Ἰ)
480 4609 545 4656 unde
562 4602 590 4653 in
610 4617 643 4651 m.
662 4601 700 4654 Μ.
734 4629 770 4642 -
812 4603 842 4669 8)
860 4611 888 4655 at
904 4604 940 4654 Μ.
976 4629 1011 4642 ·-
1050 4604 1225 4672 ⁹)atomnr'-

147 4679 241 4731 perenn
254 4673 291 4723 Μ.
326 4697 361 4710 -
403 4672 451 4738 ¹⁰)
470 4681 594 4724 tribuatur
611 4670 638 4722 in
656 4674 746 4727 maM·
783 4697 817 4710 -
1134 4697 1137 4706 ’
