2868 5040
186 221 258 300 teo
440 217 683 295 OONCMUM
708 221 1030 297 munerabor
1047 229 1093 298 11.⁸

183 403 271 471 xtv.
290 401 384 482 aare
392 405 430 465 ai
445 389 612 466 uteremur·
626 391 647 465 a
661 401 795 466 ruitaria
804 391 1027 492 misericordia
1038 403 1096 467 dei
1102 399 1339 486 pumma.

214 585 218 594 ι
268 505 383 569 Nullus
405 501 500 570 miser
519 501 560 566 de
583 521 780 588 quacumque
797 502 831 585 ¹)
859 504 985 574 miseria
1011 503 1176 589 liberatur,
1204 505 1267 571 nisi
1286 509 1339 590 qui
1420 505 1422 600 ξ

184 589 237 656 dai
256 589 467 653 misericordia
488 591 702 673 praevenitur,
729 592 814 654 sicut
834 588 911 654 dicit
936 592 1120 672 psalmista:
1156 593 1229 654 Oiio
1252 596 1341 670 anti-
1420 621 1421 626 1

185 677 293 760 aiperrt
307 675 343 756 ²)
369 695 427 737 aas
452 675 691 738 misericordiae
717 683 794 738 tuae
808 673 862 754 ³),
893 675 1037 763 dornia03
1068 675 1349 741 cantuarberia·

183 781 290 840 meas,
317 759 538 824 misericordia
560 761 627 841 ejas
641 764 834 844 praeveniet
854 780 904 822 me
918 759 963 841 ⁴).
1091 795 1094 802 ·

230 897 305 964 XV.
352 897 444 978 Quod
461 918 524 980 per
550 897 694 981 gratiam
719 898 775 961 dei
800 901 837 961 irs
863 898 975 964 melias
1004 861 1145 963 sumetur
1163 900 1290 985 fidelis.

201 1023 207 1038 ·
268 1001 320 1066 Ab
341 1019 381 1063 eo
403 999 485 1082 quod
507 999 652 1064 formabit
673 999 754 1064 deus
773 1008 914 1064 mutatus
933 1010 986 1065 est
999 1001 1113 1084 Adam,
1127 1002 1186 1066 sed
1200 1003 1233 1064 in
1247 1001 1338 1086 pejus

136 1123 140 1132 ·
183 1107 240 1173 per
249 1086 284 1169 ⁸)
303 1085 499 1168 iniquitatem
521 1101 625 1151 mam:
647 1085 687 1150 ab
709 1104 747 1149 eo
770 1086 855 1168 quod
876 1097 1005 1170 operata
1026 1097 1079 1152 est
1098 1089 1247 1170 iniquitas
1268 1108 1338 1150 mn·-

183 1183 269 1240 tatur
288 1173 407 1253 fidelis,
428 1171 487 1234 sed
508 1171 540 1234 in
561 1172 673 1236 melius
693 1173 905 1256 pergratiam
927 1174 987 1236 dei.
1029 1175 1086 1238 lde
1107 1193 1185 1257 ergo
1208 1175 1337 1236 mutatio

122 1267 124 1274 '
182 1261 243 1326 brit
262 1253 522 1340 praevaricatoris
542 1256 648 1341 primi,
665 1257 757 1322 'haec
783 1257 957 1324 secundum
978 1261 1174 1343 psalmistam
1192 1257 1335 1324 Mutatio

182 1353 232 1411 est
252 1345 404 1408 desieras
425 1339 543 1405 excelsi
556 1342 600 1422 ⁶).

214 1461 304 1527 XVI.
350 1459 442 1542 Quod
461 1481 501 1526 ea
523 1481 560 1526 eo
582 1463 666 1546 qaod
689 1461 838 1613 bedrieemas
858 1484 922 1528 aaa
941 1467 988 1528 sit
1007 1465 1210 1550 gloriandmn
1232 1485 1305 1530 cam

654 1569 694 1614 aa
760 1552 860 1614 osii.

266 1651 371 1716 Nemo
393 1667 435 1713 ex
454 1669 493 1714 eo
523 1648 607 1734 qnod
626 1651 750 1714 videtur
779 1651 895 1716 babere
922 1651 1072 1734 glorietur
1097 1661 1247 1736 tanquam
1275 1673 1337 1716 non

181 1738 358 1820 acceperit,
386 1744 442 1800 ent
467 1735 539 1804 ideo
568 1755 606 1799 so
631 1745 723 1819 putet
743 1736 912 1818 accepisse
933 1739 1006 1819 quis
1025 1740 1114 1804 litera
1133 1741 1336 1804 extrinsecus

179 1826 233 1892 vel
254 1834 296 1890 ut·
310 1824 471 1910 legeretur
496 1823 655 1905 apparuit,
681 1821 734 1884 vel
755 1831 792 1886 ut
812 1821 969 1886 audiretur
986 1825 1100 1889 sonuit.
1142 1827 1228 1888 Nam
1249 1822 1335 1892 sicut

178 1911 343 1996 apostolus
375 1907 471 1975 dicit:
513 1907 553 1970 Si
574 1929 636 1992 per
663 1905 763 1991 legem
782 1910 935 1989 justitia,
962 1929 1038 1992 ergo
1062 1909 1206 1974 Cametas
1225 1915 1335 1996 gratis

114 2053 116 2058 .
179 2004 399 2060 mortuaest
414 1993 458 2074 7).
500 1994 746 2078 Ascendere-irs
773 1995 874 2060 aliam
895 1997 1057 2076 septicam
1077 1997 1173 2060 drani
1194 1999 1334 2079 oapta'ai-
1421 2041 1422 2052 r

179 2091 290 2157 tatem,
311 2077 404 2142 dedii
424 2080 509 2143 dona
529 2080 706 2145 bominibus
720 2079 763 2159 ⁸).
796 2080 873 2152 lnde
894 2080 990 2156 habet
1012 2083 1200 2164 quicumque
1219 2083 1333 2166 habet;

178 2166 322 2250 quisquis
349 2173 456 2227 autem
483 2183 521 2228 se
547 2163 620 2226 inde
649 2167 766 2227 habero
792 2173 912 2249 negat,
948 2174 1003 2230 aut
1027 2185 1110 2230 vera·
1132 2187 1196 2231 nan
1224 2167 1330 2253 babet,

177 2245 234 2317 aar
253 2251 286 2316 nr
307 2249 392 2336 quoa
411 2233 509 2313 aare
528 2250 666 2312 aurosa
679 2249 713 2329 ο)
735 2250 775 2312 ao
797 2269 882 2335 eo..
1074 2271 1077 2278 »
1156 2253 1191 2262 ··

431 2367 534 2432 xv11.
574 2368 638 2432 De'
648 2369 848 2450 fortitudine
881 2369 1075 2436 Christiana.
1190 2389 1193 2396 '

219 2465 223 2474 '
265 2469 491 2542 Fortitudinem
524 2467 688 2555 gentilium
719 2471 875 2544 mundana
906 2473 1082 2555 cupiditas,
1118 2473 1331 2542 fortitudinem
1421 2467 1422 2473 ἵ

177 2567 285 2622 antem
305 2555 552 2622 Christianorum
574 2557 626 2621 dei
646 2559 762 2622 caritas
787 2555 863 2622 facit
891 2577 974 2641 quae
995 2559 1110 2623 diffusa
1130 2571 1182 2624 est
1201 2559 1235 2626 in
1258 2583 1333 2628 cor-

177 2643 277 2708 dibus
295 2647 430 2726 nostris,
459 2663 522 2707 uon
549 2663 606 2723 per
631 2644 803 2706 voluntatis
832 2645 988 2708 arbitrium
1010 2646 1094 2728 quod
1115 2655 1166 2712 est
1187 2667 1208 2714 a
1227 2652 1331 2734 nobis,

177 2727 237 2796 sed
257 2751 318 2815 per
338 2727 481 2812 spiritum
501 2737 645 2792 sanctum
666 2731 719 2810 qui
740 2729 834 2792 datus
857 2741 909 2794 est
928 2731 1027 2796 nobis.

359 2848 476 2912 xvnt
510 2843 627 2940 ,Nullis
647 2847 772 2920 meritis
791 2852 935 2930 gratiam
949 2853 1146 2936 praeveniri.

257 2951 368 3020 Nullis,
393 2951 512 3020 meritis
543 2947 679 3032 gratiam
711 2953 1004 3036 praevenientibus,
1040 2954 1172 3017 debetur
1205 2974 1331 3021 merces
1420 2995 1421 3000 κ

174 3036 264 3100 bonis
287 3037 432 3118 operibus
453 3037 482 3100 si
501 3033 597 3102 fiant:
627 3035 688 3100 sed
701 3037 811 3130 ¹gratia
833 3057 914 3122 quae
935 3058 997 3102 non
1017 3039 1147 3102 debetur
1165 3043 1331 3122 praecedit
1420 3045 1421 3060 ¹

171 3129 208 3185 ut
228 3121 315 3185 nant
343 3207 434 3270 XIX·
473 3202 640 3274 Nmfm,
660 3207 728 3268 πίω·
749 3206 807 3270 deo
828 3209 1001 3274 miserante
1018 3210 1150 3277 salomi.

255 3311 378 3376 Natura
398 3301 545 3391 humana,
563 3305 689 3371 etiamsi
708 3309 740 3370 in
760 3306 814 3372 illa
833 3307 1016 3396 integritate
1036 3313 1068 3376 in
1089 3331 1152 3396 qua
1173 3321 1225 3378 est
1244 3334 1330 3380 eon-

172 3393 239 3460 dits
257 3404 458 3482 permaneret
473 3395 538 3477 ¹⁰),
558 3395 641 3458 nullo
663 3394 755 3458 modo
776 3396 915 3479 seipsam
936 3408 1078 3462 creatore
1099 3417 1160 3464 suo
1179 3419 1244 3464 nors
1264 3403 1328 3466 ad·
1387 3471 1392 3480 ,

92 3494 95 3502 ’
166 3479 300 3562 juvante
320 3492 480 3548 servaret:
502 3481 585 3543 unde
606 3499 677 3543 oum
699 3481 768 3543 sine
790 3482 841 3550 dei
862 3484 965 3567 gratia
985 3485 1119 3550 salutem
1139 3505 1202 3550 non
1221 3491 1329 3568 possit

169 3568 330 3634 custodire
355 3589 448 3652 quam
475 3567 618 3649 accepit,
647 3566 801 3650 quomodo
828 3569 898 3633 sine
925 3569 977 3635 dei
1004 3567 1108 3655 gratia
1133 3575 1250 3654 poterit
1269 3593 1328 3638 re-

167 3671 278 3747 parare
299 3656 382 3740 quod
402 3647 564 3737 perdidit‘i
599 3661 602 3665 '
662 3659 665 3664 '
1007 3669 1010 3676 ’

355 3776 430 3840 XX.
473 3771 568 3842 Nibil
587 3772 662 3834 dorsi
682 3772 838 3836 bominem
853 3792 949 3857 passe
969 3773 1040 3838 sine
1061 3773 1129 3838 deo.

252 3875 356 3941 Multa
383 3877 465 3940 deus
492 3876 570 3939 facit
598 3875 630 3938 in
657 3875 783 3940 bomine
811 3877 894 3940 bona
920 3894 1002 3959 quae
1030 3895 1092 3942 non
1118 3877 1197 3943 facit
1217 3880 1327 3968 homa,

163 3957 446 4109 ffi‚v⁰¹⁰'f⁸⁰it
465 3961 558 4028 bo'ma
579 3961 661 4027 bona
681 3979 763 4045 quse
791 3981 855 4028 aaa
881 3959 962 4032 deus
988 3972 1132 4045 praestat
1159 3973 1196 4060 ut
1225 3969 1329 4042 iaciat

164 4189 366 4208 m

168 4283 173 4293 ·
209 4267 450 4337 lbaaaatcoamaae
466 4273 555 4340 plures
572 4287 633 4324 mss.
651 4259 749 4324 Parim.
768 4275 796 4324 et
813 4267 932 4325 vatican.
988 4297 1025 4312 -
1072 4272 1102 4341 ²)
1125 4281 1174 4326 erre
1195 4284 1324 4340 mrsreprt

170 4357 177 4364 ·
234 4334 352 4396 Vatican.
400 4369 436 4382 -
488 4342 518 4409 ³)
541 4343 579 4394 lta
597 4343 700 4406 Raab
724 4357 784 4394 com
802 4341 922 4408 Vulgata.
963 4343 1112 4396 Labbeuss
1132 4347 1250 4408 moueat
1271 4365 1322 4401 aas

170 4425 172 4434 ’
232 4418 405 4464 misericordia
421 4419 471 4463 raa.
496 4437 532 4450 -·
555 4411 598 4462 Ps.
616 4411 666 4474 ⁴19,
684 4411 710 4464 8.
737 4436 786 4452 ···-
831 4409 1054 4478 ⁴)Ps.ct,11.
1088 4441 1125 4454 -
1166 4414 1321 4484 ἢγομεν

167 4497 171 4502 ·
232 4475 518 4543 Reg.bctier.0.
561 4507 597 4520 -
634 4480 678 4549 ιθ)
697 4481 742 4532 Pe·
762 4482 814 4545 77,
836 4483 880 4533 11.
926 4507 962 4522 -
1019 4483 1248 4549 pamma
1280 4514 1319 4528 -·
1418 4497 1419 4520 ²

205 4544 236 4613 Ι)
254 4546 322 4614 Epir.
339 4549 371 4611 t,
389 4551 408 4602 8
425 4548 489 4617 (Pa.
507 4547 558 4612 083
576 4546 638 4618 lo).
680 4573 715 4590 -
763 4551 793 4620 ὓ)
811 4557 941 4618 assuatur
958 4551 1077 4608 vadosa.
1110 4581 1147 4594 —
1185 4555 1238 4623 Ν)
1254 4572 1318 4618 par·

231 4627 349 4674 maram!
365 4619 432 4684 Rea.
449 4621 483 4672 D.
516 4643 552 4655 -
987 4625 990 4632 '
1225 4631 1249 4664 ⁶·
